<?xml version="1.0" encoding="UTF-8"?>
<!DOCTYPE html PUBLIC "-//W3C//DTD XHTML 1.0 Transitional//EN"
    "http://www.w3.org/TR/xhtml1/DTD/xhtml1-transitional.dtd">
<html xmlns="http://www.w3.org/1999/xhtml" xml:lang="en" lang="en">
 <head>
  <title>
</title>
<meta http-equiv="Content-Type" content="text/html;charset=utf-8" />
  <meta name='ocr-system' content='tesseract 3.04.00' />
  <meta name='ocr-capabilities' content='ocr_page ocr_carea ocr_par ocr_line ocrx_word'/>
</head>
<body>
  <div class='ocr_page' id='page_1' title='image "./deavctoribvsqvi00malcgoog_0050.png"; bbox 0 0 3268 5118; ppageno 0'>
   <div class='ocr_carea' id='block_1_1' title="bbox 1293 517 1342 584">
    <p class='ocr_par' dir='ltr' id='par_1_1' title="bbox 1293 517 1342 584">
     <span class='ocr_line' id='line_1_1' title="bbox 1293 517 1342 584; baseline -0.02 0"><span class='ocrx_word' id='word_1_1' title='bbox 1293 517 1342 584; x_wconf 84' lang='lat'><strong>45</strong></span> 
     </span>
    </p>
   </div>
   <div class='ocr_carea' id='block_1_2' title="bbox 220 720 1409 1981">
    <p class='ocr_par' dir='ltr' id='par_1_2' title="bbox 222 720 1409 1549">
     <span class='ocr_line' id='line_1_2' title="bbox 224 720 1346 804; baseline 0.001 -19"><span class='ocrx_word' id='word_1_2' title='bbox 224 721 361 802; x_wconf 82' lang='lat' dir='ltr'><strong>dieitur,</strong></span> <span class='ocrx_word' id='word_1_3' title='bbox 409 725 570 799; x_wconf 75' lang='lat' dir='ltr'>extorum,</span> <span class='ocrx_word' id='word_1_4' title='bbox 624 720 799 802; x_wconf 82' lang='lat' dir='ltr'><strong>fulgorum,</strong></span> <span class='ocrx_word' id='word_1_5' title='bbox 860 725 1059 786; x_wconf 86' lang='lat' dir='ltr'><strong>ostentorum</strong></span> <span class='ocrx_word' id='word_1_6' title='bbox 1118 722 1346 804; x_wconf 81' lang='lat' dir='ltr'><strong>signorumque</strong></span> 
     </span>
     <span class='ocr_line' id='line_1_3' title="bbox 224 826 1409 911; baseline 0.001 -19"><span class='ocrx_word' id='word_1_7' title='bbox 224 827 437 892; x_wconf 78' lang='lat' dir='ltr'><strong>caelestium‘</strong></span> <span class='ocrx_word' id='word_1_8' title='bbox 483 827 535 891; x_wconf 89' lang='lat' dir='ltr'><strong>Ad</strong></span> <span class='ocrx_word' id='word_1_9' title='bbox 564 846 632 892; x_wconf 86' lang='lat' dir='ltr'><strong>rem</strong></span> <span class='ocrx_word' id='word_1_10' title='bbox 661 826 855 892; x_wconf 84' lang='lat' dir='ltr'><strong>simillimam</strong></span> <span class='ocrx_word' id='word_1_11' title='bbox 887 833 1017 908; x_wconf 86' lang='lat' dir='ltr'><strong>spectat</strong></span> <span class='ocrx_word' id='word_1_12' title='bbox 1044 827 1172 893; x_wconf 82' lang='lat' dir='ltr'><strong>Gemini</strong></span> <span class='ocrx_word' id='word_1_13' title='bbox 1196 849 1267 911; x_wconf 82' lang='lat' dir='ltr'><strong>cap.</strong></span> <span class='ocrx_word' id='word_1_14' title='bbox 1294 834 1345 911; x_wconf 85' lang='lat'><strong>14,</strong></span> <span class='ocrx_word' id='word_1_15' title='bbox 1405 894 1409 901; x_wconf 13' lang='lat' dir='ltr'>K</span> 
     </span>
     <span class='ocr_line' id='line_1_4' title="bbox 224 933 1346 1018; baseline 0.001 -20"><span class='ocrx_word' id='word_1_16' title='bbox 224 934 317 1000; x_wconf 80' lang='lat' dir='ltr'><strong>cuius</strong></span> <span class='ocrx_word' id='word_1_17' title='bbox 341 934 468 999; x_wconf 76' lang='lat' dir='ltr'><strong>initium</strong></span> <span class='ocrx_word' id='word_1_18' title='bbox 494 933 607 998; x_wconf 82' lang='lat' dir='ltr'><strong>affero:</strong></span> <span class='ocrx_word' id='word_1_19' title='bbox 636 934 682 1008; x_wconf 81' lang='grc' dir='ltr'><strong>,Ὁ</strong></span> <span class='ocrx_word' id='word_1_20' title='bbox 708 936 779 1017; x_wconf 77' lang='grc' dir='ltr'><em>περὶ</em></span> <span class='ocrx_word' id='word_1_21' title='bbox 809 938 1028 1018; x_wconf 77' lang='grc' dir='ltr'><strong><em>ἐπισημασιῶν</em></strong></span> <span class='ocrx_word' id='word_1_22' title='bbox 1057 938 1152 1017; x_wconf 81' lang='grc' dir='ltr'><em>λόγος</em></span> <span class='ocrx_word' id='word_1_23' title='bbox 1175 938 1262 1018; x_wconf 77' lang='grc' dir='ltr'><em>παρὰ</em></span> <span class='ocrx_word' id='word_1_24' title='bbox 1285 938 1346 1018; x_wconf 80' lang='grc' dir='ltr'><strong>μὲν</strong></span> 
     </span>
     <span class='ocr_line' id='line_1_5' title="bbox 222 1042 1345 1125; baseline 0.002 -22"><span class='ocrx_word' id='word_1_25' title='bbox 222 1049 287 1111; x_wconf 88' lang='grc' dir='ltr'><em>ταῖς</em></span> <span class='ocrx_word' id='word_1_26' title='bbox 319 1042 455 1111; x_wconf 77' lang='grc' dir='ltr'><em>ἰδιώταις</em></span> <span class='ocrx_word' id='word_1_27' title='bbox 493 1042 619 1104; x_wconf 77' lang='grc' dir='ltr'><em>ἀλλοίαν</em></span> <span class='ocrx_word' id='word_1_28' title='bbox 655 1044 716 1124; x_wconf 79' lang='grc' dir='ltr'><em>ἔχει</em></span> <span class='ocrx_word' id='word_1_29' title='bbox 754 1043 909 1124; x_wconf 76' lang='grc' dir='ltr'><em>διάληψιν,</em></span> <span class='ocrx_word' id='word_1_30' title='bbox 947 1044 994 1113; x_wconf 82' lang='grc' dir='ltr'><strong>ὡς</strong></span> <span class='ocrx_word' id='word_1_31' title='bbox 1032 1043 1082 1106; x_wconf 77' lang='grc' dir='ltr'><strong>ἐπὶ</strong></span> <span class='ocrx_word' id='word_1_32' title='bbox 1117 1049 1181 1106; x_wconf 82' lang='grc' dir='ltr'><strong>τῶν</strong></span> <span class='ocrx_word' id='word_1_33' title='bbox 1217 1045 1345 1125; x_wconf 79' lang='grc' dir='ltr'><strong><em>ἄστρων</em></strong></span> 
     </span>
     <span class='ocr_line' id='line_1_6' title="bbox 223 1149 1343 1232; baseline 0.002 -21"><span class='ocrx_word' id='word_1_34' title='bbox 223 1149 379 1218; x_wconf 79' lang='grc' dir='ltr'><em>ἕπιτσλαῖς</em></span> <span class='ocrx_word' id='word_1_35' title='bbox 402 1150 454 1211; x_wconf 87' lang='grc' dir='ltr'><strong>καὶ</strong></span> <span class='ocrx_word' id='word_1_36' title='bbox 478 1149 583 1212; x_wconf 79' lang='grc' dir='ltr'><strong><em>δύσεσι</em></strong></span> <span class='ocrx_word' id='word_1_37' title='bbox 605 1154 670 1211; x_wconf 82' lang='grc' dir='ltr'><strong>τῶν</strong></span> <span class='ocrx_word' id='word_1_38' title='bbox 693 1150 766 1232; x_wconf 79' lang='grc' dir='ltr'><strong><em>περὶ</em></strong></span> <span class='ocrx_word' id='word_1_39' title='bbox 784 1149 839 1212; x_wconf 84' lang='grc' dir='ltr'><strong>τὸν</strong></span> <span class='ocrx_word' id='word_1_40' title='bbox 857 1151 935 1231; x_wconf 76' lang='grc' dir='ltr'><em>ἀέρα</em></span> <span class='ocrx_word' id='word_1_41' title='bbox 953 1152 1140 1231; x_wconf 76' lang='grc' dir='ltr'><em>μεταβολῶν</em></span> <span class='ocrx_word' id='word_1_42' title='bbox 1158 1152 1343 1231; x_wconf 81' lang='grc' dir='ltr'><em>γινομένων.</em></span> 
     </span>
     <span class='ocr_line' id='line_1_7' title="bbox 224 1255 1342 1338; baseline 0.004 -22"><span class='ocrx_word' id='word_1_43' title='bbox 224 1255 244 1316; x_wconf 86' lang='grc' dir='ltr'>ὁ</span> <span class='ocrx_word' id='word_1_44' title='bbox 268 1255 302 1317; x_wconf 81' lang='grc' dir='ltr'><strong>δὲ</strong></span> <span class='ocrx_word' id='word_1_45' title='bbox 330 1255 554 1337; x_wconf 72' lang='grc' dir='ltr'><em>μαθηματικὸς</em></span> <span class='ocrx_word' id='word_1_46' title='bbox 588 1256 641 1318; x_wconf 79' lang='grc' dir='ltr'><strong>καὶ</strong></span> <span class='ocrx_word' id='word_1_47' title='bbox 674 1255 810 1337; x_wconf 78' lang='grc' dir='ltr'><strong><em>φυσικὸς</em></strong></span> <span class='ocrx_word' id='word_1_48' title='bbox 842 1257 951 1338; x_wconf 82' lang='grc' dir='ltr'><em>ἑτέραν</em></span> <span class='ocrx_word' id='word_1_49' title='bbox 983 1259 1046 1338; x_wconf 80' lang='grc' dir='ltr'><em>ἔχει</em></span> <span class='ocrx_word' id='word_1_50' title='bbox 1080 1256 1195 1329; x_wconf 66' lang='grc' dir='ltr'><strong>δόξαν.ί</strong></span> <span class='ocrx_word' id='word_1_51' title='bbox 1249 1256 1342 1320; x_wconf 81' lang='lat' dir='ltr'><strong>Illam</strong></span> 
     </span>
     <span class='ocr_line' id='line_1_8' title="bbox 222 1361 1341 1444; baseline 0.001 -19"><span class='ocrx_word' id='word_1_52' title='bbox 222 1361 328 1441; x_wconf 82' lang='lat' dir='ltr'><strong>ipsam</strong></span> <span class='ocrx_word' id='word_1_53' title='bbox 341 1361 547 1443; x_wconf 83' lang='lat' dir='ltr'><strong>sententiam,</strong></span> <span class='ocrx_word' id='word_1_54' title='bbox 562 1381 656 1442; x_wconf 91' lang='lat' dir='ltr'><strong>quarn</strong></span> <span class='ocrx_word' id='word_1_55' title='bbox 671 1361 864 1427; x_wconf 84' lang='lat' dir='ltr'><strong>Posidonius</strong></span> <span class='ocrx_word' id='word_1_56' title='bbox 876 1362 1055 1444; x_wconf 81' lang='lat' dir='ltr'><strong>impugnat,</strong></span> <span class='ocrx_word' id='word_1_57' title='bbox 1072 1363 1159 1443; x_wconf 79' lang='lat' dir='ltr'><strong>aprrd</strong></span> <span class='ocrx_word' id='word_1_58' title='bbox 1175 1362 1341 1427; x_wconf 85' lang='lat' dir='ltr'><strong>Manilium</strong></span> 
     </span>
     <span class='ocr_line' id='line_1_9' title="bbox 222 1466 698 1549; baseline 0.008 -18"><span class='ocrx_word' id='word_1_59' title='bbox 222 1469 355 1549; x_wconf 85' lang='lat' dir='ltr'><strong>saepius</strong></span> <span class='ocrx_word' id='word_1_60' title='bbox 378 1466 568 1535; x_wconf 88' lang='lat' dir='ltr'><strong>invenimus.</strong></span> <span class='ocrx_word' id='word_1_61' title='bbox 616 1470 698 1535; x_wconf 64' lang='grc' dir='ltr'>Η</span> 
     </span>
    </p>

    <p class='ocr_par' dir='ltr' id='par_1_3' title="bbox 221 1575 1179 1747">
     <span class='ocr_line' id='line_1_10' title="bbox 382 1575 1179 1657; baseline 0 -17"><span class='ocrx_word' id='word_1_62' title='bbox 382 1575 510 1657; x_wconf 86' lang='lat' dir='ltr'><strong>‚Sidera</strong></span> <span class='ocrx_word' id='word_1_63' title='bbox 534 1575 680 1641; x_wconf 86' lang='lat' dir='ltr'><strong>diversos</strong></span> <span class='ocrx_word' id='word_1_64' title='bbox 703 1576 862 1641; x_wconf 89' lang='lat' dir='ltr'><strong>hominum</strong></span> <span class='ocrx_word' id='word_1_65' title='bbox 886 1575 1052 1641; x_wconf 79' lang='lat' dir='ltr'><strong>variantia</strong></span> <span class='ocrx_word' id='word_1_66' title='bbox 1076 1580 1179 1642; x_wconf 87' lang='lat' dir='ltr'><strong>casus‘</strong></span> 
     </span>
     <span class='ocr_line' id='line_1_11' title="bbox 221 1683 328 1747; baseline 0 0"><span class='ocrx_word' id='word_1_67' title='bbox 221 1683 262 1747; x_wconf 85' lang='lat' dir='ltr'><strong>V.</strong></span> <span class='ocrx_word' id='word_1_68' title='bbox 289 1688 328 1747; x_wconf 86' lang='grc'><strong>63</strong></span> 
     </span>
    </p>

    <p class='ocr_par' dir='ltr' id='par_1_4' title="bbox 470 1789 1092 1873">
     <span class='ocr_line' id='line_1_12' title="bbox 470 1789 1092 1873; baseline 0 -18"><span class='ocrx_word' id='word_1_69' title='bbox 470 1790 591 1872; x_wconf 83' lang='lat' dir='ltr'><strong>‚tacitis</strong></span> <span class='ocrx_word' id='word_1_70' title='bbox 615 1789 816 1856; x_wconf 77' lang='lat' dir='ltr'><strong>dominantia</strong></span> <span class='ocrx_word' id='word_1_71' title='bbox 838 1791 967 1873; x_wconf 82' lang='lat' dir='ltr'><strong>legibus</strong></span> <span class='ocrx_word' id='word_1_72' title='bbox 991 1793 1092 1856; x_wconf 87' lang='lat' dir='ltr'><strong>astra‘</strong></span> 
     </span>
    </p>

    <p class='ocr_par' dir='ltr' id='par_1_5' title="bbox 220 1896 1195 1981">
     <span class='ocr_line' id='line_1_13' title="bbox 220 1896 1195 1981; baseline 0.003 -21"><span class='ocrx_word' id='word_1_73' title='bbox 220 1896 332 1962; x_wconf 89' lang='lat' dir='ltr'><strong>multis</strong></span> <span class='ocrx_word' id='word_1_74' title='bbox 356 1897 430 1962; x_wconf 90' lang='lat' dir='ltr'><strong>aliis</strong></span> <span class='ocrx_word' id='word_1_75' title='bbox 452 1897 542 1963; x_wconf 86' lang='lat' dir='ltr'><strong>loeis.</strong></span> <span class='ocrx_word' id='word_1_76' title='bbox 590 1898 654 1962; x_wconf 84' lang='lat' dir='ltr'><strong>Sed</strong></span> <span class='ocrx_word' id='word_1_77' title='bbox 679 1917 749 1963; x_wconf 89' lang='lat' dir='ltr'><strong>curn</strong></span> <span class='ocrx_word' id='word_1_78' title='bbox 773 1903 873 1979; x_wconf 72' lang='lat' dir='ltr'><strong>potita</strong></span> <span class='ocrx_word' id='word_1_79' title='bbox 896 1917 959 1963; x_wconf 94' lang='lat' dir='ltr'><strong>non</strong></span> <span class='ocrx_word' id='word_1_80' title='bbox 982 1898 1195 1981; x_wconf 79' lang='lat' dir='ltr'><strong>litigauimus.</strong></span> 
     </span>
    </p>
   </div>
   <div class='ocr_carea' id='block_1_3' title="bbox 217 2112 1343 3370">
    <p class='ocr_par' dir='ltr' id='par_1_6' title="bbox 218 2112 1343 2621">
     <span class='ocr_line' id='line_1_14' title="bbox 310 2112 1342 2195; baseline 0 -19"><span class='ocrx_word' id='word_1_81' title='bbox 310 2112 370 2178; x_wconf 82' lang='lat' dir='ltr'><strong>Vr.</strong></span> <span class='ocrx_word' id='word_1_82' title='bbox 405 2117 469 2178; x_wconf 79' lang='lat'><strong>483</strong></span> <span class='ocrx_word' id='word_1_83' title='bbox 502 2131 571 2192; x_wconf 86' lang='lat' dir='ltr'><strong>sqq.</strong></span> <span class='ocrx_word' id='word_1_84' title='bbox 605 2117 714 2195; x_wconf 72' lang='lat' dir='ltr'><strong>poeta,</strong></span> <span class='ocrx_word' id='word_1_85' title='bbox 748 2119 917 2194; x_wconf 82' lang='lat' dir='ltr'><strong>postquam</strong></span> <span class='ocrx_word' id='word_1_86' title='bbox 952 2113 1049 2178; x_wconf 88' lang='lat' dir='ltr'><strong>Arati</strong></span> <span class='ocrx_word' id='word_1_87' title='bbox 1081 2133 1134 2179; x_wconf 87' lang='lat' dir='ltr'><strong>vv.</strong></span> <span class='ocrx_word' id='word_1_88' title='bbox 1167 2118 1342 2177; x_wconf 83' lang='lat'>451—453</span> 
     </span>
     <span class='ocr_line' id='line_1_15' title="bbox 219 2216 1343 2301; baseline 0.003 -20"><span class='ocrx_word' id='word_1_89' title='bbox 219 2216 422 2301; x_wconf 81' lang='lat' dir='ltr'><strong>transtulit¹‚</strong></span> <span class='ocrx_word' id='word_1_90' title='bbox 471 2218 524 2298; x_wconf 92' lang='lat' dir='ltr'><strong>qui</strong></span> <span class='ocrx_word' id='word_1_91' title='bbox 565 2223 640 2284; x_wconf 89' lang='lat' dir='ltr'><strong>sunt</strong></span> <span class='ocrx_word' id='word_1_92' title='bbox 682 2220 722 2283; x_wconf 91' lang='lat' dir='ltr'><strong>de</strong></span> <span class='ocrx_word' id='word_1_93' title='bbox 765 2221 933 2285; x_wconf 87' lang='lat' dir='ltr'><strong>stellarum</strong></span> <span class='ocrx_word' id='word_1_94' title='bbox 974 2219 1110 2284; x_wconf 85' lang='lat' dir='ltr'><strong>fixarum</strong></span> <span class='ocrx_word' id='word_1_95' title='bbox 1154 2219 1266 2283; x_wconf 92' lang='lat' dir='ltr'><strong>ordine</strong></span> <span class='ocrx_word' id='word_1_96' title='bbox 1309 2226 1343 2284; x_wconf 91' lang='lat' dir='ltr'><strong>et</strong></span> 
     </span>
     <span class='ocr_line' id='line_1_16' title="bbox 220 2325 1341 2407; baseline 0.002 -19"><span class='ocrx_word' id='word_1_97' title='bbox 220 2326 415 2407; x_wconf 74' lang='lat' dir='ltr'><strong>constantia,</strong></span> <span class='ocrx_word' id='word_1_98' title='bbox 440 2325 640 2391; x_wconf 74' lang='lat' dir='ltr'><strong>occasionem</strong></span> <span class='ocrx_word' id='word_1_99' title='bbox 666 2327 808 2391; x_wconf 89' lang='lat' dir='ltr'><strong>oblatam</strong></span> <span class='ocrx_word' id='word_1_100' title='bbox 832 2330 947 2390; x_wconf 85' lang='lat' dir='ltr'><strong>tenens</strong></span> <span class='ocrx_word' id='word_1_101' title='bbox 972 2326 1012 2390; x_wconf 91' lang='lat' dir='ltr'><strong>de</strong></span> <span class='ocrx_word' id='word_1_102' title='bbox 1036 2325 1146 2390; x_wconf 89' lang='lat' dir='ltr'><strong>mundi</strong></span> <span class='ocrx_word' id='word_1_103' title='bbox 1167 2325 1341 2390; x_wconf 86' lang='lat' dir='ltr'><strong>diuinitate</strong></span> 
     </span>
     <span class='ocr_line' id='line_1_17' title="bbox 218 2432 1340 2515; baseline 0.001 -20"><span class='ocrx_word' id='word_1_104' title='bbox 218 2433 393 2498; x_wconf 89' lang='lat' dir='ltr'><strong>secundum</strong></span> <span class='ocrx_word' id='word_1_105' title='bbox 417 2432 625 2499; x_wconf 85' lang='lat' dir='ltr'><strong>Posidonium</strong></span> <span class='ocrx_word' id='word_1_106' title='bbox 655 2436 758 2500; x_wconf 89' lang='lat' dir='ltr'><strong>verba</strong></span> <span class='ocrx_word' id='word_1_107' title='bbox 786 2433 876 2498; x_wconf 87' lang='lat' dir='ltr'><strong>facit.</strong></span> <span class='ocrx_word' id='word_1_108' title='bbox 929 2432 1013 2515; x_wconf 75' lang='lat' dir='ltr'><strong>Quid</strong></span> <span class='ocrx_word' id='word_1_109' title='bbox 1044 2433 1216 2497; x_wconf 88' lang='lat' dir='ltr'><strong>ostendere</strong></span> <span class='ocrx_word' id='word_1_110' title='bbox 1248 2433 1340 2515; x_wconf 77' lang='lat' dir='ltr'><strong>velit,</strong></span> 
     </span>
     <span class='ocr_line' id='line_1_18' title="bbox 219 2538 978 2621; baseline -0.005 -18"><span class='ocrx_word' id='word_1_111' title='bbox 219 2544 359 2620; x_wconf 84' lang='lat' dir='ltr'><strong>apparet</strong></span> <span class='ocrx_word' id='word_1_112' title='bbox 383 2559 422 2604; x_wconf 86' lang='lat' dir='ltr'><strong>ex</strong></span> <span class='ocrx_word' id='word_1_113' title='bbox 446 2539 559 2621; x_wconf 85' lang='lat' dir='ltr'><strong>primis</strong></span> <span class='ocrx_word' id='word_1_114' title='bbox 582 2541 676 2605; x_wconf 91' lang='lat' dir='ltr'><strong>huius</strong></span> <span class='ocrx_word' id='word_1_115' title='bbox 699 2539 762 2603; x_wconf 89' lang='lat' dir='ltr'><strong>looi</strong></span> <span class='ocrx_word' id='word_1_116' title='bbox 785 2538 908 2607; x_wconf 85' lang='lat' dir='ltr'><strong>verbis:</strong></span> <span class='ocrx_word' id='word_1_117' title='bbox 976 2592 978 2599; x_wconf 80' lang='grc'>,</span> 
     </span>
    </p>

    <p class='ocr_par' dir='ltr' id='par_1_7' title="bbox 218 2645 1339 2943">
     <span class='ocr_line' id='line_1_19' title="bbox 218 2645 1338 2730; baseline 0.002 -21"><span class='ocrx_word' id='word_1_118' title='bbox 218 2650 283 2710; x_wconf 87' lang='grc'><strong>483</strong></span> <span class='ocrx_word' id='word_1_119' title='bbox 309 2647 367 2728; x_wconf 83' lang='lat' dir='ltr'><strong>,Ae</strong></span> <span class='ocrx_word' id='word_1_120' title='bbox 397 2646 475 2711; x_wconf 89' lang='lat' dir='ltr'><strong>mihi</strong></span> <span class='ocrx_word' id='word_1_121' title='bbox 507 2651 574 2711; x_wconf 88' lang='lat' dir='ltr'><strong>tam</strong></span> <span class='ocrx_word' id='word_1_122' title='bbox 607 2666 763 2729; x_wconf 87' lang='lat' dir='ltr'><strong>praesens</strong></span> <span class='ocrx_word' id='word_1_123' title='bbox 793 2646 879 2711; x_wconf 86' lang='lat' dir='ltr'><strong>ratio</strong></span> <span class='ocrx_word' id='word_1_124' title='bbox 910 2665 973 2710; x_wconf 91' lang='lat' dir='ltr'><strong>non</strong></span> <span class='ocrx_word' id='word_1_125' title='bbox 1004 2646 1071 2711; x_wconf 91' lang='lat' dir='ltr'><strong>ulla</strong></span> <span class='ocrx_word' id='word_1_126' title='bbox 1106 2645 1247 2712; x_wconf 79' lang='lat' dir='ltr'><strong>videtur‘</strong></span> <span class='ocrx_word' id='word_1_127' title='bbox 1279 2645 1338 2730; x_wconf 84' lang='lat' dir='ltr'><strong>(sc.</strong></span> 
     </span>
     <span class='ocr_line' id='line_1_20' title="bbox 433 2753 1339 2837; baseline -0.002 -18"><span class='ocrx_word' id='word_1_128' title='bbox 433 2774 527 2834; x_wconf 85' lang='lat' dir='ltr'><strong>quam</strong></span> <span class='ocrx_word' id='word_1_129' title='bbox 558 2774 608 2837; x_wconf 86' lang='lat' dir='ltr'><strong>ea,</strong></span> <span class='ocrx_word' id='word_1_130' title='bbox 640 2756 680 2820; x_wconf 91' lang='lat' dir='ltr'><strong>de</strong></span> <span class='ocrx_word' id='word_1_131' title='bbox 711 2774 775 2834; x_wconf 91' lang='lat' dir='ltr'><strong>qua</strong></span> <span class='ocrx_word' id='word_1_132' title='bbox 805 2755 897 2819; x_wconf 93' lang='lat' dir='ltr'><strong>modo</strong></span> <span class='ocrx_word' id='word_1_133' title='bbox 928 2773 981 2819; x_wconf 91' lang='lat' dir='ltr'><strong>vv.</strong></span> <span class='ocrx_word' id='word_1_134' title='bbox 1012 2758 1186 2818; x_wconf 73' lang='lat' dir='ltr'><strong>ars-482</strong></span> <span class='ocrx_word' id='word_1_135' title='bbox 1219 2753 1339 2818; x_wconf 86' lang='lat' dir='ltr'><strong>dictum</strong></span> 
     </span>
     <span class='ocr_line' id='line_1_21' title="bbox 432 2860 1228 2943; baseline -0.001 -18"><span class='ocrx_word' id='word_1_136' title='bbox 432 2867 493 2943; x_wconf 84' lang='lat' dir='ltr'><strong>est,</strong></span> <span class='ocrx_word' id='word_1_137' title='bbox 519 2862 596 2926; x_wconf 90' lang='lat' dir='ltr'><strong>ordo</strong></span> <span class='ocrx_word' id='word_1_138' title='bbox 621 2867 655 2926; x_wconf 90' lang='lat' dir='ltr'><strong>et</strong></span> <span class='ocrx_word' id='word_1_139' title='bbox 679 2860 864 2927; x_wconf 88' lang='lat' dir='ltr'><strong>constantia</strong></span> <span class='ocrx_word' id='word_1_140' title='bbox 888 2861 1054 2926; x_wconf 89' lang='lat' dir='ltr'><strong>stellarum</strong></span> <span class='ocrx_word' id='word_1_141' title='bbox 1078 2860 1228 2939; x_wconf 74' lang='lat' dir='ltr'><strong>fixarum)</strong></span> 
     </span>
    </p>

    <p class='ocr_par' dir='ltr' id='par_1_8' title="bbox 308 2967 1097 3050">
     <span class='ocr_line' id='line_1_22' title="bbox 308 2967 1097 3050; baseline -0.003 -17"><span class='ocrx_word' id='word_1_142' title='bbox 308 2968 390 3050; x_wconf 72' lang='lat' dir='ltr'><strong>,Qua</strong></span> <span class='ocrx_word' id='word_1_143' title='bbox 413 2972 530 3050; x_wconf 87' lang='lat' dir='ltr'><strong>pateat</strong></span> <span class='ocrx_word' id='word_1_144' title='bbox 552 2969 702 3033; x_wconf 91' lang='lat' dir='ltr'><strong>mundum</strong></span> <span class='ocrx_word' id='word_1_145' title='bbox 727 2968 835 3034; x_wconf 82' lang='lat' dir='ltr'><strong>divino</strong></span> <span class='ocrx_word' id='word_1_146' title='bbox 859 2968 988 3032; x_wconf 88' lang='lat' dir='ltr'><strong>numine</strong></span> <span class='ocrx_word' id='word_1_147' title='bbox 1011 2967 1097 3034; x_wconf 87' lang='lat' dir='ltr'><strong>verti</strong></span> 
     </span>
    </p>

    <p class='ocr_par' dir='ltr' id='par_1_9' title="bbox 307 3074 777 3157">
     <span class='ocr_line' id='line_1_23' title="bbox 307 3074 777 3157; baseline 0 -19"><span class='ocrx_word' id='word_1_148' title='bbox 307 3077 415 3155; x_wconf 81' lang='lat' dir='ltr'><strong>Atque</strong></span> <span class='ocrx_word' id='word_1_149' title='bbox 438 3074 542 3157; x_wconf 86' lang='lat' dir='ltr'><strong>ipsum</strong></span> <span class='ocrx_word' id='word_1_150' title='bbox 566 3094 638 3140; x_wconf 90' lang='lat' dir='ltr'><strong>esse</strong></span> <span class='ocrx_word' id='word_1_151' title='bbox 663 3075 777 3139; x_wconf 87' lang='lat' dir='ltr'><strong>deum‘</strong></span> 
     </span>
    </p>

    <p class='ocr_par' dir='ltr' id='par_1_10' title="bbox 217 3178 1337 3264">
     <span class='ocr_line' id='line_1_24' title="bbox 217 3178 1337 3264; baseline -0.003 -20"><span class='ocrx_word' id='word_1_152' title='bbox 217 3181 378 3247; x_wconf 90' lang='lat' dir='ltr'><strong>Diodorus</strong></span> <span class='ocrx_word' id='word_1_153' title='bbox 416 3181 503 3264; x_wconf 87' lang='lat' dir='ltr'><strong>apud</strong></span> <span class='ocrx_word' id='word_1_154' title='bbox 539 3181 698 3247; x_wconf 78' lang='lat' dir='ltr'><strong>Achillem</strong></span> <span class='ocrx_word' id='word_1_155' title='bbox 735 3181 807 3245; x_wconf 90' lang='lat' dir='ltr'><strong>voci</strong></span> <span class='ocrx_word' id='word_1_156' title='bbox 848 3182 992 3263; x_wconf 76' lang='grc' dir='ltr'><strong>,κόσμος’</strong></span> <span class='ocrx_word' id='word_1_157' title='bbox 1033 3199 1096 3243; x_wconf 94' lang='lat' dir='ltr'><strong>non</strong></span> <span class='ocrx_word' id='word_1_158' title='bbox 1138 3178 1242 3242; x_wconf 89' lang='lat' dir='ltr'><strong>minus</strong></span> <span class='ocrx_word' id='word_1_159' title='bbox 1279 3196 1337 3242; x_wconf 83' lang='lat' dir='ltr'><strong>sex</strong></span> 
     </span>
    </p>

    <p class='ocr_par' dir='ltr' id='par_1_11' title="bbox 218 3285 1336 3370">
     <span class='ocr_line' id='line_1_25' title="bbox 218 3285 1336 3370; baseline -0.004 -17"><span class='ocrx_word' id='word_1_160' title='bbox 218 3288 472 3370; x_wconf 82' lang='lat' dir='ltr'><strong>significationes</strong></span> <span class='ocrx_word' id='word_1_161' title='bbox 509 3285 652 3354; x_wconf 77' lang='lat' dir='ltr'><strong>tribuit².</strong></span> <span class='ocrx_word' id='word_1_162' title='bbox 713 3287 853 3369; x_wconf 79' lang='lat' dir='ltr'><strong>Quarum</strong></span> <span class='ocrx_word' id='word_1_163' title='bbox 891 3286 1035 3365; x_wconf 86' lang='lat' dir='ltr'><strong>quintam</strong></span> <span class='ocrx_word' id='word_1_164' title='bbox 1071 3290 1170 3366; x_wconf 72' lang='lat' dir='ltr'><strong>polita</strong></span> <span class='ocrx_word' id='word_1_165' title='bbox 1204 3303 1234 3349; x_wconf 94' lang='lat' dir='ltr'><strong>v.</strong></span> <span class='ocrx_word' id='word_1_166' title='bbox 1270 3289 1336 3348; x_wconf 80' lang='grc'><strong>484</strong></span> 
     </span>
    </p>
   </div>
   <div class='ocr_carea' id='block_1_4' title="bbox 212 3496 1335 4227">
    <p class='ocr_par' dir='ltr' id='par_1_12' title="bbox 212 3496 1335 4227">
     <span class='ocr_line' id='line_1_26' title="bbox 216 3496 1333 3584; baseline -0.004 -18"><span class='ocrx_word' id='word_1_167' title='bbox 216 3502 304 3567; x_wconf 91' lang='lat' dir='ltr'><strong>Nihil</strong></span> <span class='ocrx_word' id='word_1_168' title='bbox 333 3503 420 3568; x_wconf 86' lang='lat' dir='ltr'><strong>aliud</strong></span> <span class='ocrx_word' id='word_1_169' title='bbox 451 3503 507 3567; x_wconf 93' lang='lat' dir='ltr'><strong>illo</strong></span> <span class='ocrx_word' id='word_1_170' title='bbox 536 3506 727 3584; x_wconf 83' lang='lat' dir='ltr'><strong>argumento</strong></span> <span class='ocrx_word' id='word_1_171' title='bbox 757 3499 889 3582; x_wconf 84' lang='lat' dir='ltr'><strong>probari</strong></span> <span class='ocrx_word' id='word_1_172' title='bbox 920 3502 1040 3580; x_wconf 83' lang='lat' dir='ltr'><strong>potest,</strong></span> <span class='ocrx_word' id='word_1_173' title='bbox 1074 3496 1135 3561; x_wconf 92' lang='lat' dir='ltr'><strong>nisi</strong></span> <span class='ocrx_word' id='word_1_174' title='bbox 1167 3497 1333 3562; x_wconf 89' lang='lat' dir='ltr'><strong>stellarum</strong></span> 
     </span>
     <span class='ocr_line' id='line_1_27' title="bbox 215 3603 1335 3692; baseline -0.004 -19"><span class='ocrx_word' id='word_1_175' title='bbox 215 3609 352 3675; x_wconf 85' lang='lat' dir='ltr'><strong>fixarum</strong></span> <span class='ocrx_word' id='word_1_176' title='bbox 370 3611 542 3692; x_wconf 83' lang='lat' dir='ltr'><strong>sphaeram</strong></span> <span class='ocrx_word' id='word_1_177' title='bbox 563 3627 634 3673; x_wconf 87' lang='lat' dir='ltr'><strong>esse</strong></span> <span class='ocrx_word' id='word_1_178' title='bbox 655 3607 806 3689; x_wconf 82' lang='lat' dir='ltr'><strong>divinam,</strong></span> <span class='ocrx_word' id='word_1_179' title='bbox 825 3624 928 3685; x_wconf 92' lang='lat' dir='ltr'><strong>neque</strong></span> <span class='ocrx_word' id='word_1_180' title='bbox 953 3605 1041 3669; x_wconf 91' lang='lat' dir='ltr'><strong>aliud</strong></span> <span class='ocrx_word' id='word_1_181' title='bbox 1066 3603 1144 3683; x_wconf 90' lang='lat' dir='ltr'><strong>quid</strong></span> <span class='ocrx_word' id='word_1_182' title='bbox 1167 3622 1268 3683; x_wconf 89' lang='lat' dir='ltr'><strong>usque</strong></span> <span class='ocrx_word' id='word_1_183' title='bbox 1292 3605 1335 3668; x_wconf 88' lang='lat' dir='ltr'><strong>ad</strong></span> 
     </span>
     <span class='ocr_line' id='line_1_28' title="bbox 214 3711 1333 3793; baseline -0.007 -10"><span class='ocrx_word' id='word_1_184' title='bbox 214 3735 245 3783; x_wconf 84' lang='lat' dir='ltr'><strong>v.</strong></span> <span class='ocrx_word' id='word_1_185' title='bbox 272 3722 334 3782; x_wconf 77' lang='lat'><strong>523</strong></span> <span class='ocrx_word' id='word_1_186' title='bbox 360 3718 608 3782; x_wconf 85' lang='lat' dir='ltr'><strong>demonstratur.</strong></span> <span class='ocrx_word' id='word_1_187' title='bbox 635 3753 674 3761; x_wconf 90' lang='lat'>-</span> <span class='ocrx_word' id='word_1_188' title='bbox 699 3716 760 3781; x_wconf 88' lang='lat' dir='ltr'><strong>Vv.</strong></span> <span class='ocrx_word' id='word_1_189' title='bbox 781 3718 957 3779; x_wconf 69' lang='lat' dir='ltr'><strong>tao—494</strong></span> <span class='ocrx_word' id='word_1_190' title='bbox 981 3711 1134 3776; x_wconf 90' lang='lat' dir='ltr'><strong>Manilius</strong></span> <span class='ocrx_word' id='word_1_191' title='bbox 1157 3711 1333 3793; x_wconf 81' lang='lat' dir='ltr'><strong>Epicurum</strong></span> 
     </span>
     <span class='ocr_line' id='line_1_29' title="bbox 215 3818 1333 3907; baseline -0.004 -21"><span class='ocrx_word' id='word_1_192' title='bbox 215 3822 393 3907; x_wconf 80' lang='lat' dir='ltr'><strong>impugnat,</strong></span> <span class='ocrx_word' id='word_1_193' title='bbox 419 3823 471 3903; x_wconf 92' lang='lat' dir='ltr'><strong>qui</strong></span> <span class='ocrx_word' id='word_1_194' title='bbox 498 3824 660 3906; x_wconf 85' lang='lat' dir='ltr'><strong>,mundum</strong></span> <span class='ocrx_word' id='word_1_195' title='bbox 683 3821 768 3886; x_wconf 84' lang='lat' dir='ltr'><strong>forte</strong></span> <span class='ocrx_word' id='word_1_196' title='bbox 793 3821 895 3886; x_wconf 87' lang='lat' dir='ltr'><strong>coisse</strong></span> <span class='ocrx_word' id='word_1_197' title='bbox 914 3818 1082 3902; x_wconf 79' lang='lat' dir='ltr'><strong>magistra‘</strong></span> <span class='ocrx_word' id='word_1_198' title='bbox 1105 3818 1234 3883; x_wconf 81' lang='lat' dir='ltr'><strong>dixerit.</strong></span> <span class='ocrx_word' id='word_1_199' title='bbox 1281 3819 1333 3883; x_wconf 84' lang='lat' dir='ltr'><strong>En</strong></span> 
     </span>
     <span class='ocr_line' id='line_1_30' title="bbox 215 3926 1332 4010; baseline -0.004 -16"><span class='ocrx_word' id='word_1_200' title='bbox 215 3931 311 3996; x_wconf 87' lang='lat' dir='ltr'><strong>aliurn</strong></span> <span class='ocrx_word' id='word_1_201' title='bbox 337 3932 488 3997; x_wconf 89' lang='lat' dir='ltr'><strong>mundum</strong></span> <span class='ocrx_word' id='word_1_202' title='bbox 511 3932 665 3996; x_wconf 88' lang='lat' dir='ltr'><strong>habemus</strong></span> <span class='ocrx_word' id='word_1_203' title='bbox 689 3935 723 3993; x_wconf 86' lang='lat' dir='ltr'><strong>et</strong></span> <span class='ocrx_word' id='word_1_204' title='bbox 746 3948 828 4010; x_wconf 81' lang='lat' dir='ltr'><strong>eum,</strong></span> <span class='ocrx_word' id='word_1_205' title='bbox 853 3928 907 4008; x_wconf 93' lang='lat' dir='ltr'><strong>qui</strong></span> <span class='ocrx_word' id='word_1_206' title='bbox 932 3926 1112 3992; x_wconf 89' lang='lat' dir='ltr'><strong>aDiodoro</strong></span> <span class='ocrx_word' id='word_1_207' title='bbox 1135 3926 1239 4008; x_wconf 89' lang='lat' dir='ltr'><strong>primo</strong></span> <span class='ocrx_word' id='word_1_208' title='bbox 1262 3927 1332 3990; x_wconf 89' lang='lat' dir='ltr'><strong>looo</strong></span> 
     </span>
     <span class='ocr_line' id='line_1_31' title="bbox 215 4034 1332 4121; baseline -0.005 -19"><span class='ocrx_word' id='word_1_209' title='bbox 215 4037 382 4102; x_wconf 77' lang='lat' dir='ltr'><strong>definitur:</strong></span> <span class='ocrx_word' id='word_1_210' title='bbox 410 4039 541 4121; x_wconf 82' lang='grc' dir='ltr'><strong><em>,κόσμος</em></strong></span> <span class='ocrx_word' id='word_1_211' title='bbox 563 4039 625 4100; x_wconf 78' lang='grc' dir='ltr'><strong>ἐστὶ</strong></span> <span class='ocrx_word' id='word_1_212' title='bbox 648 4039 789 4119; x_wconf 82' lang='grc' dir='ltr'><strong>σύστημα</strong></span> <span class='ocrx_word' id='word_1_213' title='bbox 814 4038 849 4108; x_wconf 83' lang='grc' dir='ltr'><strong>ἕξ</strong></span> <span class='ocrx_word' id='word_1_214' title='bbox 872 4037 1010 4117; x_wconf 79' lang='grc' dir='ltr'><em>οὐρανοῦ</em></span> <span class='ocrx_word' id='word_1_215' title='bbox 1034 4036 1087 4098; x_wconf 85' lang='grc' dir='ltr'><strong>καὶ</strong></span> <span class='ocrx_word' id='word_1_216' title='bbox 1111 4041 1168 4117; x_wconf 78' lang='grc' dir='ltr'><strong>γῆς</strong></span> <span class='ocrx_word' id='word_1_217' title='bbox 1191 4034 1244 4096; x_wconf 80' lang='grc' dir='ltr'><strong>καὶ</strong></span> <span class='ocrx_word' id='word_1_218' title='bbox 1267 4038 1332 4096; x_wconf 84' lang='grc' dir='ltr'><strong>τῶν</strong></span> 
     </span>
     <span class='ocr_line' id='line_1_32' title="bbox 212 4140 1331 4227; baseline -0.006 -18"><span class='ocrx_word' id='word_1_219' title='bbox 212 4146 329 4227; x_wconf 80' lang='grc' dir='ltr'><em>μεταξὺ</em></span> <span class='ocrx_word' id='word_1_220' title='bbox 375 4147 526 4227; x_wconf 63' lang='grc' dir='ltr'><strong>φύσεων.ί</strong></span> <span class='ocrx_word' id='word_1_221' title='bbox 571 4143 663 4226; x_wconf 76' lang='lat' dir='ltr'><strong>Quae</strong></span> <span class='ocrx_word' id='word_1_222' title='bbox 707 4148 743 4207; x_wconf 90' lang='lat' dir='ltr'><strong>ut</strong></span> <span class='ocrx_word' id='word_1_223' title='bbox 784 4161 854 4206; x_wconf 86' lang='lat' dir='ltr'><strong>oum</strong></span> <span class='ocrx_word' id='word_1_224' title='bbox 900 4141 950 4224; x_wconf 81' lang='lat' dir='ltr'><strong>iis,</strong></span> <span class='ocrx_word' id='word_1_225' title='bbox 993 4160 1075 4220; x_wconf 92' lang='lat' dir='ltr'><strong>quae</strong></span> <span class='ocrx_word' id='word_1_226' title='bbox 1121 4140 1331 4222; x_wconf 80' lang='lat' dir='ltr'><strong>praecedunt,</strong></span> 
     </span>
    </p>
   </div>
   <div class='ocr_carea' id='block_1_5' title="bbox 302 4393 870 4549">
    <p class='ocr_par' dir='ltr' id='par_1_13' title="bbox 302 4393 870 4549">
     <span class='ocr_line' id='line_1_33' title="bbox 303 4393 541 4447; baseline -0.008 0"><span class='ocrx_word' id='word_1_227' title='bbox 303 4394 311 4422; x_wconf 86' lang='lat'>¹</span> <span class='ocrx_word' id='word_1_228' title='bbox 331 4394 363 4447; x_wconf 80' lang='lat' dir='ltr'><strong>V.</strong></span> <span class='ocrx_word' id='word_1_229' title='bbox 384 4409 486 4446; x_wconf 77' lang='lat' dir='ltr'><strong>exerrrs.</strong></span> <span class='ocrx_word' id='word_1_230' title='bbox 506 4393 541 4445; x_wconf 72' lang='grc' dir='ltr'><strong>ΙΙ.</strong></span> 
     </span>
     <span class='ocr_line' id='line_1_34' title="bbox 302 4481 870 4549; baseline -0.009 -14"><span class='ocrx_word' id='word_1_231' title='bbox 302 4481 386 4549; x_wconf 67' lang='lat' dir='ltr'><strong>2cap.</strong></span> <span class='ocrx_word' id='word_1_232' title='bbox 406 4484 437 4549; x_wconf 71' lang='grc' dir='ltr'><strong>ὃς</strong></span> <span class='ocrx_word' id='word_1_233' title='bbox 457 4482 489 4534; x_wconf 81' lang='lat' dir='ltr'><strong>cf.</strong></span> <span class='ocrx_word' id='word_1_234' title='bbox 501 4481 584 4542; x_wconf 57' lang='lat' dir='ltr'><strong>,Diels</strong></span> <span class='ocrx_word' id='word_1_235' title='bbox 603 4482 712 4549; x_wconf 81' lang='lat' dir='ltr'><strong>doxogr.</strong></span> <span class='ocrx_word' id='word_1_236' title='bbox 734 4496 759 4546; x_wconf 85' lang='lat' dir='ltr'><strong>p.</strong></span> <span class='ocrx_word' id='word_1_237' title='bbox 778 4481 813 4531; x_wconf 76' lang='grc'><strong>20</strong></span> <span class='ocrx_word' id='word_1_238' title='bbox 831 4494 870 4543; x_wconf 91' lang='lat' dir='ltr'><strong>sq.</strong></span> 
     </span>
    </p>
   </div>
   <div class='ocr_carea' id='block_1_6' title="bbox 0 0 1638 5118">
    <p class='ocr_par' dir='ltr' id='par_1_14' title="bbox 0 0 1638 5118">
     <span class='ocr_line' id='line_1_35' title="bbox 0 0 1638 5118; baseline 0 4"><span class='ocrx_word' id='word_1_239' title='bbox 0 0 1638 5118; x_wconf 95' lang='lat' dir='ltr'><strong> </strong></span> 
     </span>
    </p>
   </div>
  </div>
 </body>
</html>
