3282 5102
305 480 353 546 34

303 684 489 748 inferiorem
522 688 628 746 adrem
659 685 693 744 et
716 698 831 758 aquam
862 677 902 741 ad
927 677 1023 740 imam
1047 680 1170 740 terram
1195 675 1423 741 descenderet.

302 792 415 869 Aquae
450 794 483 853 et
515 794 624 852 terrae
658 785 907 866 descriptionem
939 803 1003 849 non
1042 787 1195 847 accurate
1231 782 1423 848 distinxisse

302 897 440 962 videtur.
492 895 573 959 Nam
604 899 679 975 post
706 911 795 956 mare
825 890 986 956 internum
1011 890 1133 955 insulas
1163 889 1319 970 internas
1343 895 1424 970 post

302 1008 470 1067 externum
494 1006 657 1081 externas,
682 998 743 1063 nisi
766 998 874 1080 fallor,
899 997 1110 1063 enumeravit,

815 1105 945 1171 Manil.
969 1105 1025 1170 IV:
1156 1103 1354 1169 Pseudar.:

300 1217 392 1282 Mare
416 1215 688 1280 mediterraneum
722 1266 727 1277 .
767 1233 844 1279 .vv.
871 1219 1044 1278 oar—629
1092 1232 1122 1292 p.
1148 1216 1211 1275 393
1237 1212 1421 1276 aro-oa

299 1325 430 1388 Insulae
454 1372 771 1387 ........
872 1324 1041 1384 630-641
1235 1355 1275 1364 -

301 1432 450 1495 Oceanus
499 1479 771 1494 .......
872 1431 1044 1492 642-657
1092 1445 1124 1506 p.
1150 1430 1212 1491 393
1236 1427 1377 1490 tva-11

299 1536 429 1602 Insulae
449 1586 767 1601 ........
796 1542 799 1546 ’
934 1571 976 1578 -
1250 1538 1388 1598 11-18.

388 1643 469 1706 Post
504 1641 631 1706 Manilii
667 1661 698 1707 v.
734 1647 795 1705 657
834 1641 984 1705 lacunam
1027 1639 1120 1704 hiare
1164 1640 1238 1704 olim
1272 1638 1421 1720 Scaliger

298 1750 393 1816 vidit.
439 1749 511 1813 Non
536 1749 658 1833 dubito,
680 1748 755 1827 quin
779 1753 877 1829 polita
900 1747 941 1812 iis
962 1747 1118 1827 versibus,
1144 1745 1197 1825 qui
1218 1746 1419 1823 exciderunt,

299 1855 422 1920 insulas
451 1854 574 1921 Oceani
602 1855 809 1920 tractaverit.
862 1855 1017 1919 Intemae
1040 1853 1165 1918 insulae
1195 1855 1235 1917 ab
1260 1872 1420 1935 anonymo

297 1983 361 2027 non
385 1962 588 2027 omittuntur.
636 1960 698 2044 Qui
722 1967 893 2042 postquam
918 1981 989 2042 cap.
1010 1966 1028 2025 3
1053 1960 1097 2025 in.
1117 1962 1150 2024 in
1173 1959 1357 2027 universum
1378 1962 1421 2026 de

299 2076 388 2133 terra
412 2075 446 2132 et
471 2088 556 2149 aqua
577 2069 660 2134 dixit
685 2074 719 2135 et
738 2067 913 2134 affirmavit
936 2066 1141 2132 continentes
1165 2087 1289 2147 quoque
1313 2071 1422 2134 terras

297 2174 441 2240 maribus
483 2175 694 2241 circumfusas
736 2195 818 2256 esse,
861 2173 998 2238 maiores
1040 2180 1075 2238 ct
1115 2173 1255 2240 minores
1296 2175 1421 2240 insulas

299 2280 480 2363 distinguit.
540 2283 612 2346 Hoc
653 2284 724 2347 loco
766 2286 801 2346 ut
837 2280 976 2345 minores
1017 2281 1188 2346 nonnullas
1230 2281 1420 2346 nominatim

298 2389 491 2470 appellaret,
524 2389 669 2454 internas
700 2389 775 2453 illas
806 2386 1078 2469 commemoravit,
1112 2406 1192 2467 quas
1225 2395 1298 2468 post
1330 2407 1420 2452 mare

298 2494 437 2559 medium
457 2493 588 2559 omittit.
632 2494 698 2561 Sed
716 2514 778 2559 non
804 2495 874 2560 sine
893 2492 1001 2573 aliquo
1021 2494 1138 2558 damno
1162 2513 1182 2558 a
1200 2494 1421 2560 Posidoniano

300 2601 412 2666 ordine
444 2601 618 2666 discessit
659 2602 741 2666 Nam
772 2621 842 2667 cum
870 2600 1020 2666 nonnisi
1044 2600 1083 2664 de
1107 2599 1205 2666 maris
1229 2601 1348 2666 interni
1372 2601 1420 2666 in·

299 2708 378 2773 solis
401 2709 566 2773 locuturus
598 2713 695 2788 esset,
718 2708 828 2774 facere
852 2727 916 2772 non
940 2712 1080 2789 poterat,
1107 2706 1183 2786 quin
1206 2707 1254 2772 sic
1277 2707 1416 2773 diceret:

298 2818 341 2888 ,ori
364 2815 391 2878 δ’
417 2816 491 2878 εἰσὶν
514 2816 670 2888 ἐλάττους,
695 2816 829 2897 φανεραὶ
853 2816 887 2878 δὲ
910 2817 986 2897 ἡμῖν
1009 2815 1062 2877 καὶ
1086 2814 1174 2885 ἐντὸς
1198 2814 1306 2878 οὖσαι.ί
1347 2816 1418 2880 Hoc

298 2941 361 2986 non
384 2940 517 3002 prorsus
544 2927 634 2986 11111
658 2940 730 2986 sese
753 2922 876 2986 habere
907 2921 1003 3001 paulo
1032 2927 1106 3001 post
1134 2920 1204 3002 ipse
1228 2941 1286 2987 nos
1310 2923 1417 2988 docet.

300 3027 421 3093 Scribit
445 3028 530 3092 enim
553 3048 583 3108 p.
610 3034 673 3092 393
698 3029 718 3093 b
740 3034 779 3093 16
800 3047 868 3108 sqq.
893 3028 979 3095 haud
1002 3047 1125 3108 paucas
1149 3027 1272 3094 insulas
1296 3049 1419 3110 parvas

299 3136 331 3200 in
357 3136 486 3202 Oceano
511 3135 630 3200 circum
654 3134 857 3199 Britanniam
882 3139 914 3199 et
938 3133 1079 3199 iberiam
1104 3153 1185 3199 esse.

388 3243 519 3324 Eorum,
537 3261 619 3321 quae
635 3245 797 3323 secuntur,
814 3241 874 3306 soli
886 3240 1039 3306 Manilius
1056 3247 1091 3306 et
1106 3242 1250 3309 Achilles
1269 3248 1420 3310 auctores

302 3353 385 3415 sunt.
439 3351 512 3414 Hac
541 3353 636 3429 parte
660 3347 852 3413 Posidonius
882 3349 1008 3413 locutus
1037 3353 1088 3412 est
1116 3348 1156 3413 de
1180 3351 1289 3414 mundi
1313 3350 1421 3433 figura

302 3462 336 3522 11
359 3456 553 3538 stabilitate,
578 3454 719 3520 fortasse
750 3455 848 3520 etiam
876 3455 1164 3538 ,1111111111111ρᾶςί
1193 3462 1227 3521 11
1250 3460 1289 3530 ,εἰ
1310 3461 1371 3523 ἔστι
1394 3485 1421 3522 τι

303 3564 411 3636 dacor,
437 3581 516 3642 quas
545 3581 597 3627 res
621 3562 765 3628 Achilles
796 3582 889 3643 capp.
916 3570 931 3627 7
958 3568 992 3628 et
1016 3571 1035 3628 8
1065 3569 1198 3631 tractat.
1252 3566 1420 3631 Addubito

304 3689 346 3733 an
381 3668 574 3733 Posidonius
610 3669 671 3733 hoo
706 3669 776 3733 loco
812 3668 1013 3748 quaesiverit
1052 3674 1103 3744 ,τίς
1144 3675 1235 3737 οὐσία
1273 3676 1422 3757 otpovoo‘

305 3774 436 3860 (Achill.
471 3793 542 3854 cap.
568 3773 612 3858 5),
647 3775 729 3854 quod
763 3782 862 3857 caput
893 3775 1001 3855 potius
1034 3778 1077 3857 ad
1109 3784 1238 3860 partem
1270 3782 1421 3863 alteram,

305 3901 388 3962 quae
426 3882 465 3946 de
504 3881 700 3948 caelestibus
737 3889 797 3965 est,
835 3880 1029 3964 pertineat1.
1089 3886 1160 3950 Non
1192 3887 1422 3969 praetermitto

396 4023 403 4051 ¹
423 4023 497 4076 Haeo
516 4023 604 4091 opinio
624 4040 654 4077 eo
672 4023 801 4091 1111111111,
818 4025 888 4090 qnod
901 4025 997 4079 Aetius
1016 4027 1089 4081 Plac.
1109 4028 1144 4093 H,
1161 4030 1192 4081 11
1213 4029 1245 4083 ab
1264 4030 1315 4083 hoc
1333 4028 1423 4097 capite

306 4128 365 4166 eam
382 4117 487 4179 partem
505 4112 608 4180 incipit,
625 4130 676 4179 qua
691 4114 724 4165 de
738 4113 868 4166 sideribus
888 4114 1029 4168 dicendum
1049 4122 1098 4169 est.
1131 4118 1244 4170 Omnino
1258 4119 1328 4185 apud
1344 4120 1424 4173 doxo-

304 4200 436 4270 graphum
464 4217 543 4269 saepe
568 4201 776 4255 Posidonianum
805 4201 925 4255 ordinem
952 4203 1109 4258 invenimus.
1163 4205 1203 4259 ef.
1232 4207 1313 4261 etiam
1339 4208 1423 4275 Diels,

306 4290 415 4358 doxogr.
434 4307 459 4358 p.
475 4291 527 4342 232
547 4332 552 4343 .
573 4332 579 4344 .
600 4332 605 4343 .
626 4330 631 4341 .
652 4290 733 4355 ‚clare
751 4295 864 4358 apparet
881 4297 1049 4346 vetustorum
1068 4293 1233 4348 Placitorum
1252 4297 1423 4351 collectorem

308 4394 339 4430 ex
371 4379 463 4431 eodem
496 4378 638 4432 seminario
670 4378 820 4444 proiectum
848 4395 915 4445 esse,
947 4382 1018 4434 unde
1047 4383 1181 4448 Geminus
1209 4385 1424 4452 Asclepiodotus,

307 4466 439 4520 Diodorus
457 4467 593 4520 utilissimi
613 4471 784 4532 excerptores
809 4473 837 4521 11
863 4470 1030 4537 disciplinam
1056 4479 1217 4539 acceperunt
1236 4481 1264 4527 et
1283 4475 1425 4529 collectam

306 4555 464 4609 materiam!
