3282 5102
1307 496 1356 564 43

237 699 377 763 alteram
424 703 560 780 partem,
608 718 672 778 qua
717 699 900 763 ostenditur
949 699 1052 764 iatum
1103 719 1175 764 esse
1228 720 1359 765 oausam

238 805 458 888 divinationis,
496 811 596 887 poeta
633 805 761 870 omnino
798 806 931 871 omittit.
991 806 1081 872 Dicit
1119 813 1227 872 autem
1264 814 1359 875 vates

238 913 393 978 diuturna
447 913 674 979 observatione
730 913 897 995 statuisse,
956 914 1032 993 quid
1087 934 1212 994 quoqne
1267 915 1359 997 signo

237 1021 535 1109 praenuntiaretur.
559 1023 600 1088 V.
626 1028 666 1087 53
692 1042 754 1102 sq.:

369 1129 515 1212 ‚Singula
538 1149 611 1193 nam
636 1129 767 1211 proprio
792 1129 962 1212 signarunt
987 1135 1134 1213 tempora
1158 1150 1234 1197 casn

367 1237 481 1318 Longa
504 1256 563 1318 per
587 1235 736 1301 assiduas
761 1236 919 1318 complexi
944 1238 1216 1303 1111111111111.ί

326 1345 511 1409 Notandum
548 1349 599 1409 est
635 1344 778 1426 partium
816 1345 959 1410 ordinem
998 1347 1085 1427 apud
1123 1344 1291 1411 Manilium
1327 1352 1360 1411 et

238 1451 423 1517 Ciceronem
449 1451 613 1518 diversum
638 1469 720 1516 esse.
766 1452 827 1516 llle
852 1451 957 1534 deum,
984 1452 1360 1535 11111111,1111111,1111

240 1559 343 1639 deum,
368 1558 482 1639 iatum,
503 1563 654 1623 naturam
674 1563 852 1624 dinumerat.
901 1558 983 1624 Uter
1003 1559 1176 1641 genuinum
1194 1559 1360 1624 Posidonii

239 1662 381 1728 ordinem
407 1662 577 1730 servavit?
609 1662 778 1729 Adiuvant
807 1683 865 1728 nos
892 1662 982 1727 nerii
1011 1663 1144 1744 placita,
1176 1683 1259 1743 quae
1283 1670 1358 1729 sunt

238 1771 308 1852 περὶ
345 1772 454 1839 οὐσίας
496 1772 687 1853 εἱμαρμένης
728 1769 845 1855 (Diels
884 1771 1016 1853 doxogr.
1054 1791 1085 1852 p.
1124 1776 1188 1836 324
1226 1769 1360 1855 a4b¹¹);

239 1877 468 1949 ,Ποσειδώνιος
506 1877 608 1959 τρίτην
645 1876 708 1939 ἀπὸ
748 1877 821 1947 Λιός
837 1897 843 1909 ·
859 1883 987 1957 πρῶτον
1017 1878 1078 1959 μὲν
1111 1877 1171 1959 γὰρ
1201 1877 1276 1940 εἶναι
1307 1878 1361 1941 τὸν

240 1985 307 2057 Δία,
346 1985 490 2065 δεύτερον
528 1984 563 2046 111
600 1984 657 2066 τὴν
691 1984 798 2066 φύσιν,
833 1985 932 2065 τρίτον
974 1984 1009 2047 111
1050 1985 1106 2066 τὴν
1148 1986 1362 2067 εἱμαρμένην.ί

239 2089 394 2154 Videmus
426 2089 612 2153 Ciceronem
646 2087 828 2170 philosophi
866 2089 1009 2154 ordinem
1043 2088 1241 2154 immutasse.
1298 2089 1362 2154 Cur

240 2195 423 2277 1111111111,
455 2216 495 2261 ex
525 2195 627 2277 ipsius
654 2195 764 2262 verbis
792 2202 941 2278 apparet,
974 2216 1057 2276 quae
1081 2215 1181 2277 supra
1203 2197 1363 2278 exscripsi

242 2303 297 2386 (de
317 2303 381 2369 div.
402 2303 427 2386 Ι,
452 2303 538 2387 130).
575 2302 714 2367 Videtur
733 2302 764 2368 ei
782 2303 868 2368 ratio
888 2303 1048 2368 naturalis
1066 2305 1108 2367 ad
1127 2303 1362 2369 divinationem

241 2410 450 2475 artificiosam
473 2429 537 2474 uon
560 2409 623 2475 nisi
647 2409 833 2475 difficillime
862 2409 978 2475 reterri
1001 2430 1107 2491 posse.
1153 2410 1362 2475 Posidonium

240 2520 300 2582 has
325 2517 532 2582 difficultates
556 2516 693 2583 solvisse
716 2517 842 2582 iudicat
863 2536 926 2582 uon
952 2517 1015 2582 nisi
1040 2522 1205 2599 ,quantum
1230 2521 1361 2599 potest‘.

242 2622 351 2705 Quiane
376 2627 477 2687 totam
501 2624 586 2688 hanc
606 2627 733 2705 partem
753 2628 790 2688 ut
808 2622 927 2688 ceteris
946 2622 1089 2704 peiorem
1108 2623 1142 2687 in
1161 2623 1224 2688 fine
1244 2624 1362 2705 posuit.

330 2729 400 2794 Iam
411 2735 540 2795 constat
550 2734 653 2795 totam
663 2749 811 2797 versuum
824 2736 952 2795 25-65
963 2730 1103 2796 indolem
1113 2731 1362 2795 Posidonianam

244 2854 325 2900 esse.
378 2835 460 2901 Sunt
490 2835 589 2901 etiam
617 2835 807 2918 singularia,
841 2835 910 2901 sive
943 2837 1127 2902 sententiae
1158 2836 1227 2903 sive
1252 2838 1363 2918 verba,

244 2961 326 3021 qnae
350 2942 533 3024 philosophi
557 2941 737 3007 doctrinam
761 2943 940 3007 redoleant.

332 3051 371 3115 V.
398 3056 437 3115 29
462 3049 616 3114 Manilius
640 3069 722 3130 eum,
753 3049 808 3128 qui
839 3048 922 3114 caeli
952 3056 986 3114 et
1009 3060 1171 3115 astrorum
1194 3048 1365 3114 scientiam

245 3162 337 3222 tenet
361 3157 464 3236 ‚deum
488 3156 592 3238 ipsum
616 3155 732 3222 videri‘
758 3155 839 3220 dicit
863 3154 917 3241 (oi.
943 3153 1062 3240 1142).
1108 3157 1256 3221 Prodnnt
1283 3157 1365 3222 haec

244 3266 354 3346 verba,
384 3263 497 3345 quanti
529 3260 880 3344 auctor-astrologiam
909 3262 1070 3328 habuerit.
1124 3263 1225 3342 Atqui
1253 3262 1365 3328 Cicero

244 3370 404 3436 nonnullis
434 3371 514 3436 locis
545 3371 680 3435 eandem
712 3370 751 3434 de
783 3368 983 3436 divinatione
1014 3370 1210 3435 sententiam
1240 3369 1366 3451 profert

245 3483 279 3542 11
302 3477 352 3559 111,
374 3477 427 3556 qui
446 3497 486 3543 ex
505 3477 672 3542 Posidonii
690 3477 782 3542 libris
802 3475 958 3558 originem
978 3476 1108 3541 ducunt.
1145 3478 1194 3541 De
1214 3477 1278 3543 div.
1299 3478 1324 3558 1,
1348 3485 1363 3542 l

246 3583 332 3669 (tota
356 3583 518 3666 praefatio
546 3583 727 3665 philosophi
756 3582 903 3647 doctrina
931 3582 1055 3649 referta
1084 3584 1149 3669 est)
1180 3585 1366 3668 ,Magnifica

246 3694 404 3772 quaedam
424 3712 476 3758 res
496 3699 530 3758 et
549 3692 713 3773 salutaris,
734 3691 762 3756 si
782 3692 874 3756 modo
899 3698 950 3757 est
973 3693 1051 3774 ulla,
1071 3712 1198 3773 quaque
1222 3695 1366 3775 proximo

247 3799 290 3863 ad
314 3801 445 3865 deorum
469 3800 533 3867 vim
562 3804 682 3864 natura
709 3799 857 3864 mortalis
887 3799 992 3881 possit
1022 3801 1200 3866 accedere}
1248 3801 1366 3866 Sioda

246 3905 310 3972 div.
334 3907 360 3989 Ι,
384 3912 426 3972 34
449 3906 639 3988 Hottiugeri
663 3912 696 3971 61
720 3905 847 3972 Baiteri
870 3906 1128 3972 emendationem
1153 3906 1365 3973 certissimam

245 4012 365 4078 iudico:
386 4014 535 4096 ,Quorum
549 4013 686 4077 omnium
699 4013 907 4094 interpretes,
922 4020 958 4079 ut
968 4014 1174 4096 grammatici
1185 4020 1365 4096 poetarum,

245 4121 390 4202 proxime
415 4123 456 4187 ad
481 4141 600 4203 eornm,
626 4140 705 4201 quos
731 4121 1003 4203 interpretantur,
1028 4121 1234 4189 divinitatem
1259 4121 1366 4205 (codd.

247 4225 495 4314 divinationem)
521 4229 672 4295 videntur
694 4229 861 4294 accedere‘
875 4226 896 4292 ¹.

337 4457 345 4486 ¹
365 4456 477 4510 Schiche
495 4473 519 4524 p.
541 4458 582 4510 10.
