3282 5102
1300 511 1343 578 17

228 709 333 776 forma
347 711 488 777 rotunda
501 716 646 794 putetur,
661 714 745 778 hanc
760 713 842 778 enim
860 733 931 779 esse
947 714 1086 780 omnium
1099 715 1348 797 pulcherrimam

228 824 265 893 et
288 816 519 901 aptissimam¹.
561 818 703 885 Maxime
727 820 769 884 ad
793 820 920 885 Manilii
946 840 1058 886 versus
1083 823 1247 901 quadrant
1266 824 1348 889 haec

229 925 394 991 Ciceronis
417 926 519 993 verba
542 924 599 1010 (II,
623 926 695 1010 47):
728 926 799 1007 ,His
827 926 951 992 duabus
974 927 1086 992 formis
1111 929 1169 1014 (sc.
1195 930 1290 1011 globo
1315 935 1349 996 et

229 1031 364 1118 circulo)
394 1032 554 1115 contingit
585 1033 677 1115 solia,
701 1039 738 1098 ut
761 1052 871 1099 omnes
895 1053 1005 1099 earum
1029 1040 1142 1117 partes
1171 1035 1238 1100 sint
1262 1036 1349 1102 inter

229 1159 265 1205 se
297 1140 490 1205 simillumae
523 1138 579 1224 (=
604 1160 635 1205 v.
660 1140 741 1227 213)
776 1160 796 1205 a
827 1141 996 1220 medioque
1033 1142 1224 1207 tantundem
1262 1144 1350 1209 absit

230 1252 423 1329 extremum,
449 1267 510 1326 quo
538 1246 620 1311 nihil
642 1246 714 1312 fieri
739 1253 849 1329 potest
873 1248 992 1329 aptius.
1040 1247 1104 1314 Sed
1128 1248 1156 1314 si
1179 1250 1261 1314 haec
1284 1269 1347 1315 non

229 1353 350 1419 videtis
375 1405 381 1418 .
409 1403 415 1417 .
442 1406 448 1418 .
475 1406 482 1436 ‚
506 1373 548 1418 ne
575 1355 637 1419 hoc
665 1353 793 1434 quidem
817 1354 943 1436 physici
967 1355 1161 1438 intellegere
1184 1356 1348 1438 potuistis

228 1462 313 1526 hane
337 1460 605 1541 aequabilitatem
628 1465 733 1526 motus
753 1461 1034 1542 constantiamque
1053 1461 1198 1529 ordinum
1222 1463 1257 1527 in
1282 1463 1350 1528 alia

229 1568 334 1650 figura
356 1587 420 1633 non
444 1567 590 1650 potuisse
614 1567 765 1634 servari?
793 1567 849 1652 (=
873 1588 904 1635 v.
930 1569 1030 1653 wlf

319 1676 491 1742 Causam
523 1676 584 1740 hoc
614 1695 739 1755 quoque
772 1675 881 1757 eapite
910 1681 1158 1759 argumenta
1185 1682 1348 1743 secuntur.

228 1782 361 1849 Duobus
394 1788 494 1865 poeta
524 1782 642 1864 utitur,
680 1782 796 1863 quibus
834 1783 987 1848 ostendat
1022 1788 1145 1848 terram
1182 1784 1350 1867 globosam

230 1909 311 1956 esse.
344 1890 483 1972 Quorum
504 1891 642 1956 alterum
662 1910 682 1955 a
700 1888 803 1973 signis
823 1889 971 1972 arcessit⁷
991 1909 1074 1970 quae
1091 1891 1310 1972 proficiscenti
1329 1912 1349 1957 a

229 1997 517 2079 septemtrionibus
536 1998 578 2062 ad
598 1997 765 2062 meridiem
783 2016 847 2062 non
866 1997 1011 2063 omnibus
1029 1997 1216 2079 regionibus
1236 1998 1349 2064 eadem

230 2101 442 2187 appareant&
474 2105 613 2169 alterurn
644 2124 664 2169 a
694 2103 866 2169 deficiente
896 2104 987 2185 luna,
1020 2123 1114 2183 quam
1145 2104 1235 2185 prius
1269 2125 1349 2171 eoae

229 2216 355 2294 gentes
379 2215 455 2292 post
477 2210 648 2293 hesperiae
672 2209 868 2276 desiderent.
913 2210 999 2275 illud
1028 2214 1118 2275 recte
1142 2230 1215 2277 sese
1237 2212 1348 2294 habet,

228 2320 291 2383 hoc
313 2318 423 2400 inepte
452 2317 631 2383 adhibitum
662 2322 721 2383 est.
769 2317 921 2383 Manilius
945 2317 1030 2382 enim
1054 2317 1135 2382 dicit
1162 2319 1272 2384 lunam
1296 2321 1349 2384 ob·

229 2430 393 2492 scuratam
425 2426 578 2507 deinceps
609 2426 695 2507 apud
726 2444 782 2491 eas
811 2430 927 2507 gentes
958 2424 1046 2506 oriri,
1071 2444 1154 2506 quae
1177 2426 1282 2509 magis
1306 2427 1349 2492 ad

228 2532 430 2599 occidentem
454 2551 568 2600 versus
591 2532 753 2597 habitant.
800 2531 884 2614 Quid
908 2532 1040 2597 tandem
1072 2532 1135 2597 sibi
1157 2533 1229 2600 vult
1251 2533 1348 2598 lunae

229 2639 401 2705 defectus?
443 2640 534 2704 idem
567 2638 633 2704 diei
661 2644 793 2721 poterat
824 2639 863 2703 de
894 2640 971 2704 luna
1000 2657 1063 2703 non
1093 2639 1277 2721 obscurata,
1307 2641 1348 2706 de

224 2747 303 2832 sole,
334 2746 374 2812 de
406 2747 552 2812 omnibus
582 2747 697 2811 stellis.
749 2745 834 2828 Quid
864 2750 996 2828 poetam
1028 2746 1216 2828 adduxerit,
1241 2752 1277 2812 ut
1307 2747 1347 2811 de

225 2852 356 2919 defectu
388 2853 586 2935 loqueretur,
620 2852 808 2918 Cleomedes
846 2871 905 2918 nos
943 2853 1048 2934 docet,
1084 2852 1138 2931 qui
1176 2857 1346 2932 utrumque

225 2964 450 3043 argumentum
475 2960 759 3041 affe1·tp.82Z.:
786 3012 793 3042 ,
817 3010 824 3023 .
851 3011 857 3023 .
885 2961 950 3023 ,οὐ
973 2960 1011 3023 τὰ
1035 2960 1114 3023 αὐτὰ
1138 2961 1228 3041 παρὰ
1251 2966 1347 3023 πᾶσιν

224 3069 336 3150 ὁρᾶται
360 3069 459 3149 ἄστρα
481 3067 563 3151 πρὸς
587 3070 695 3150 ἄρκτῳ
719 3068 774 3131 καὶ
795 3068 979 3150 μεσημβρία
1003 3067 1060 3152 (=
1085 3085 1138 3133 VV.
1164 3071 1226 3131 215
1251 3065 1347 3149 sqq.)‘

223 3194 256 3257 p.
276 3181 315 3240 76
335 3175 371 3239 Ζ.
405 3174 585 3257 ,Ἐλέγχεται
604 3175 752 3238 δὲταῦτα
776 3175 830 3237 καὶ
854 3176 888 3248 ἐξ
912 3176 1029 3254 ἑτέρων
1052 3174 1105 3236 καὶ
1129 3175 1164 3236 ἐκ
1187 3178 1252 3236 τῶν
1275 3173 1346 3255 περὶ

221 3280 259 3344 τὰ
283 3283 380 3364 ἄστρα
404 3283 580 3363 γινομένων
604 3281 778 3362 ἐκλείψεων
807 3280 887 3343 κατὰ
918 3280 1033 3343 ταύτὸν
1055 3279 1116 3361 μὲν
1138 3278 1226 3361 παρὰ
1249 3284 1345 3342 πᾶσιν

223 3389 442 3462 ἐκλειπόντων,
467 3390 506 3452 οὐ
533 3389 599 3471 μὴν
627 3395 683 3471 τῆς
711 3389 808 3470 αὐτῆς
836 3388 925 3470 ὥρας
953 3386 1177 3469 εὑρισκομένης
1191 3405 1197 3418 ·
1213 3386 1292 3448 ἀλλὰ
1311 3386 1345 3450 τὸ

222 3498 257 3559 ἒν
280 3496 398 3579 Ἴβηρσι
426 3497 557 3578 πρώτης
571 3497 670 3578 ,ὥρας
700 3495 843 3559 ἐκλεῖπον
872 3496 1019 3576 πέμπτης
1049 3494 1223 3576 εὑρίσκεται
1253 3494 1344 3577 ὥρας

221 3603 310 3684 παρὰ
337 3609 401 3673 τοῖς
422 3602 566 3686 Πέρσαις
592 3600 649 3685 τὴν
676 3603 816 3684 ἔκλειψιν
845 3602 1070 3683 πεποιημένον,
1094 3600 1182 3683 παρὰ
1216 3601 1250 3664 δὲ
1278 3601 1344 3672 τοῖς

222 3709 327 3780 ἄλλοις
341 3711 527 3792 οἰναλόγως.ί
558 3707 711 3774 Manilius
730 3707 832 3791 igitur
845 3708 932 3788 apud
947 3711 1122 3786 auctorem,
1136 3706 1342 3773 Posidonium

222 3815 385 3899 videlieet,
407 3821 631 3899 argumentum
655 3814 868 3881 rotunditatis
886 3819 977 3880 recte
1002 3834 1022 3880 a
1046 3814 1186 3881 siderum
1212 3813 1343 3880 delectu

222 3923 414 3988 arcessitum
450 3923 590 4006 invenit3
630 3922 687 3988 sed
723 3923 793 3989 sive
832 3924 917 4002 quod
954 3924 1056 3987 verba
1095 3921 1165 3987 eius
1201 3940 1265 3986 non
1297 3921 1343 3985 in·

312 4117 380 4172 ¹Cf.
408 4117 564 4171 Cleomedes
590 4133 615 4183 p.
643 4120 677 4169 86
705 4116 748 4170 Z.:
777 4117 838 4181 ,Καὶ
869 4116 923 4185 μὴν
955 4116 1064 4169 κάκεῖνο
1090 4114 1283 4178 πιθανώτατον,
1312 4114 1341 4166 τὸ

220 4205 378 4259 τελεώτατον
403 4213 456 4259 τῶν
482 4205 614 4273 σωμάτων
633 4214 670 4272 τῷ
690 4206 839 4273 τελεωτάτη)
859 4212 912 4258 τῶν
931 4205 1074 4272 σχημάτων
1093 4203 1250 4272 κεχρῆσθαι.
1287 4202 1341 4254 Καὶ

219 4296 273 4347 ἔστι
297 4295 403 4348 πάντων
427 4294 475 4363 μὲν
499 4295 632 4362 σωμάτων
656 4294 814 4348 τελεώτατον
839 4295 855 4345 ὁ
878 4295 987 4362 κόσμος,
1012 4293 1118 4346 πάντων
1143 4290 1173 4345 δὲ
1198 4290 1340 4359 σχημάτων

218 4385 236 4453 ἡ
256 4393 365 4452 σφαῖρα.

309 4472 378 4526 'De
398 4473 504 4540 Canopo
523 4473 604 4527 stella
622 4472 656 4543 ef.
674 4489 700 4540 p·
720 4474 754 4525 10
772 4487 811 4539 sq.

1215 4558 1232 4610 2
