3282 5102
286 480 333 549 lo

370 688 439 752 Iam
449 689 619 753 redeamus
630 688 672 753 ad
682 688 821 769 priorem
830 688 905 755 libri
920 687 1014 770 primi
1025 694 1161 770 partem.
1178 690 1239 756 Vv.
1253 696 1316 755 255
1327 709 1397 770 sqq.

282 793 501 875 poetamundi
520 814 614 860 axem
634 800 666 859 et
686 794 856 860 stellarum
868 796 1004 860 fixarum
1024 796 1196 876 sphaeram
1212 796 1398 863 describens
1421 837 1424 842 -

283 904 371 966 totus
402 901 472 966 fere
504 904 545 967 ab
577 902 681 967 Arato
714 901 863 983 pendet¹.
920 902 984 967 Sed
1018 902 1105 984 apud
1135 901 1294 968 Aratum²
1326 904 1398 970 axis

282 1008 418 1089 primum
448 1010 552 1075 locum
583 1009 723 1091 obtinet,
755 1009 871 1075 deiude
904 1028 1040 1075 omnes
1070 1010 1187 1074 stellae
1217 1010 1302 1076 fixae
1336 1030 1397 1076 uno

282 1120 395 1181 tenore
427 1121 658 1182 enumerantur
693 1154 736 1161 —
774 1117 861 1198 apud
892 1116 1060 1182 Manilium
1098 1117 1266 1182 duodecim
1303 1117 1398 1183 zodia

283 1223 514 1305 anticipantur,
538 1228 691 1289 secuntur
721 1223 792 1288 axis
822 1227 857 1288 et
883 1224 1029 1304 reliquae
1058 1225 1175 1289 stellae
1202 1225 1396 1290 inerrantes.

282 1329 367 1410 Quid
396 1335 527 1411 poetam
557 1330 738 1396 Romanum
769 1330 920 1412 adduxit,
950 1338 987 1395 ut
1016 1330 1126 1412 inepte
1157 1330 1282 1397 medias
1311 1332 1398 1397 inter

282 1437 397 1502 stellas
420 1437 502 1502 fixas
527 1456 620 1502 axem
652 1436 877 1503 describeret?
903 1474 944 1482 -
969 1443 1006 1502 ut
1029 1437 1196 1503 zodiacum
1228 1458 1249 1503 a
1279 1437 1397 1505 ceteris

280 1542 382 1625 siguis
412 1549 593 1626 separaret,
625 1550 780 1624 tanquam
811 1544 980 1610 duodecim
1009 1544 1067 1609 illa
1095 1543 1190 1627 signa
1218 1565 1281 1610 nou
1310 1545 1397 1611 inter

280 1668 321 1714 ea
344 1650 494 1715 habenda
518 1655 637 1732 essent,
662 1670 746 1730 quae
771 1670 841 1717 cum
866 1656 936 1716 toto
960 1652 1051 1716 eaelo
1076 1650 1195 1716 circum
1220 1671 1313 1718 axem
1333 1652 1399 1718 vol·

281 1759 425 1822 vuntur?
473 1758 544 1823 Non
576 1764 699 1824 temere
731 1758 885 1823 Manilius
917 1758 1014 1824 Arati
1051 1758 1216 1825 meliorem
1254 1758 1396 1825 ordinem

280 1863 475 1931 immutavit.
531 1866 614 1930 Nam
646 1865 800 1931 Geminus
833 1884 959 1945 quoque
992 1865 1033 1931 de
1069 1866 1203 1932 zodiaco
1237 1866 1322 1951 (cap.
1355 1863 1397 1949 Ι.)

280 1976 358 2036 ante
389 1976 500 2036 cetera
531 1972 626 2055 sigua
657 1973 742 2054 (cap.
766 1973 823 2059 II.)
855 1974 958 2039 verba
987 1972 1078 2038 tacit.
1133 1973 1179 2038 uf.
1203 1972 1397 2055 praesertim

281 2098 352 2159 cup.
377 2080 419 2143 ΙΙ.
444 2079 499 2162 in,
524 2101 554 2161 p.
582 2086 621 2145 ta
643 2080 697 2171 ΑΛ
730 2081 786 2162 ,To
814 2083 1078 2164 κατηστερισμένα
1109 2083 1209 2164 ἄστρα
1240 2083 1399 2163 διαιρεῖται

281 2187 324 2256 εἷς
352 2189 436 2270 μέρη
464 2189 533 2270 τρία
550 2190 594 2250 ,ἃ
623 2188 682 2270 μὲν
711 2188 771 2270 γὰρ
800 2189 905 2251 αὐτῶν
930 2189 981 2251 ε’πὶ
1008 2195 1064 2251 τοῦ
1088 2189 1251 2262 ζωδιακοῦ
1275 2189 1397 2252 κύκλου

280 2299 383 2374 κεῖται,
404 2296 424 2355 ἃ
445 2295 480 2357 δὲ
504 2296 620 2376 λέγεται
638 2295 757 2377 βόρεια,
777 2297 797 2357 ἃ
817 2294 852 2357 δὲ
870 2296 1137 2377 προσαγορεύεται
1155 2295 1259 2357 νότια.ί
1288 2292 1397 2357 Primo

280 2397 382 2480 igitur
415 2406 524 2482 poeta,
562 2420 633 2466 cum
670 2420 723 2467 vv.
764 2406 939 2466 255—274
981 2401 1146 2466 zodiacum
1189 2398 1396 2481 anticiparet,

280 2504 488 2572 Posidonium
522 2513 687 2573 auctorem
718 2509 863 2573 habebat
893 2545 935 2554 -
968 2507 1034 2572 iam
1065 2507 1144 2573 licet
1180 2507 1242 2573 hoc
1279 2506 1396 2572 dicere.

281 2614 320 2678 V.
352 2620 414 2679 275
454 2615 496 2679 ad
533 2615 671 2680 Aratum
710 2615 852 2681 transiit.
914 2614 1105 2680 Omittenda
1140 2613 1295 2681 videlicet
1331 2619 1398 2678 tum

282 2727 387 2806 erant,
412 2742 495 2802 quae
520 2728 597 2788 aute
621 2724 823 2788 absolverat:
848 2722 973 2788 zodiaci
998 2722 1102 2805 signa.

300 2820 307 2839 “
369 2830 550 2895 Praeterea
573 2850 637 2895 una
660 2830 693 2895 in
717 2850 752 2895 re
777 2836 876 2910 atque
901 2849 941 2895 ea
964 2829 1161 2913 gravissima
1184 2811 1337 2894 Manilius
1356 2830 1397 2893 ab

281 2937 385 3000 Arato
430 2935 577 3001 discedit.
649 2936 795 3002 Graecus
838 2936 924 3001 enim
960 2941 1061 3017 poeta
1104 2937 1146 3000 ab
1191 2933 1316 3001 oriente
1355 2934 1397 2998 ad

282 3040 490 3125 occidentem,
511 3044 675 3109 Romanus
695 3046 736 3109 ab
756 3036 924 3109 occidente
944 3043 986 3108 ad
1006 3042 1163 3108 orientem
1186 3042 1399 3126 progrediens

282 3150 377 3232 sigua
406 3160 585 3216 enumerat.
636 3150 714 3215 Cum
744 3150 878 3217 Manilio
909 3151 1123 3216 conferendus
1154 3157 1205 3216 est
1232 3149 1398 3229 Geminus,

282 3256 336 3335 qui
359 3277 390 3338 p.
418 3264 457 3324 12
482 3257 520 3322 Ε.
550 3262 585 3323 et
610 3263 648 3322 13
673 3259 722 3339 B,
753 3259 815 3324 etsi
845 3278 909 3324 non
939 3259 1074 3324 eundem
1104 3256 1258 3338 ordinem,
1288 3261 1398 3320 tarneu

281 3364 417 3429 eandem
441 3364 651 3430 enumerandi
675 3365 886 3431 directionem
910 3366 1053 3431 exhibet.

369 3472 510 3536 Restant
551 3472 613 3537 duo
650 3473 713 3537 loci
749 3471 935 3554 Maniliani,
978 3472 1018 3536 de
1054 3472 1169 3550 quibus
1204 3471 1266 3535 lrac
1301 3471 1397 3549 parte

280 3577 426 3644 breviter
450 3578 617 3645 dicendum
644 3586 704 3646 est.

369 3684 429 3750 Vv.
468 3692 531 3751 216
569 3706 631 3768 sq.:
670 3707 836 3771 ,nusquam
873 3683 1020 3751 invenies
1057 3682 1183 3766 fulgere
1222 3681 1396 3764 Canopum,

603 3797 715 3861 Donec
737 3793 883 3859 Niliacas
906 3811 965 3873 per
988 3794 1121 3871 pontum
1146 3788 1276 3856 veneris
1300 3790 1396 3853 oras.‘

369 3900 459 3965 Idem
492 3902 587 3968 docet
619 3902 774 3969 Geminus
807 3919 877 3980 cap.
910 3900 954 3963 ΙΙ.
985 3898 1050 3979 tim,
1081 3917 1112 3978 p.
1147 3902 1185 3961 13
1216 3898 1256 3961 D.
1302 3896 1397 3961 Hanc

280 4005 395 4073 falsam
420 4010 678 4076 observationem
702 4006 804 4089 ipsius
828 4025 899 4071 esse
922 4002 1089 4070 Posidonii
1108 4004 1255 4069 Blassius
1278 4006 1397 4085 probat

370 4291 380 4329 1
400 4293 431 4347 V.
449 4293 521 4346 infra
538 4309 563 4360 p.
582 4294 616 4343 47
635 4307 691 4357 sqq.

370 4380 381 4411 ²
401 4383 474 4435 Φαιι.
493 4399 536 4436 vv.
555 4383 589 4433 20
608 4395 664 4445 sqq.
