3282 5102
280 507 327 574 36

278 712 451 791 sphaeram
474 709 649 791 pertinent,
675 710 732 775 sed
755 708 889 773 mobiles
913 711 999 788 sunt,
1020 706 1207 788 mutabiles;
1231 710 1398 786 postremo

279 836 360 898 eum,
392 817 446 897 qui
478 816 564 881 infra
593 817 702 881 lunam
735 814 887 895 volvitur,
919 816 1070 880 lacteum.
1122 814 1218 878 Hunc
1250 810 1399 876 ordinem

278 922 451 988 Posidonio
470 923 615 988 tribuere
634 941 698 987 uon
717 922 838 1004 dubito,
859 922 914 1001 qui
933 922 1112 1001 ubicunque
1133 940 1152 985 a
1176 917 1399 1002 superioribus

278 1030 393 1112 incipit
430 1035 464 1096 et
503 1030 655 1111 deinceps
692 1027 846 1093 inferiora
887 1027 1102 1111 persequitur.
1166 1025 1320 1091 Manilius
1361 1029 1400 1088 et

278 1138 422 1203 Achilles
452 1135 636 1219 philosophi
668 1135 898 1201 auctoritatem
928 1135 1100 1215 reliquisse
1131 1133 1295 1215 ridentur,
1326 1131 1398 1198 sive

279 1245 364 1324 quod
384 1243 507 1309 ordinis
526 1242 687 1308 rationem
702 1261 765 1306 non
784 1242 1032 1324 intellegebant,
1051 1242 1121 1308 sive
1142 1241 1226 1321 quod
1242 1243 1398 1319 quattuor

279 1353 452 1432 generibus
476 1348 716 1430 comprehensis
748 1349 974 1430 speciosiorem
1004 1348 1203 1414 substituere
1230 1347 1395 1413 volebant.

280 1458 334 1523 Sic
356 1457 479 1523 factum
498 1462 558 1538 est,
574 1462 611 1520 ut
629 1454 782 1521 Manilius
806 1461 976 1536 utrumque
1001 1455 1173 1537 obliquum,
1198 1458 1232 1519 et
1255 1455 1395 1518 lacteum

162 1576 164 1581 '
280 1571 315 1630 et
346 1564 523 1644 zodiacum,
556 1582 663 1645 sensu,
696 1583 760 1628 non
792 1564 861 1629 sola
895 1567 1004 1629 mente
1042 1562 1131 1628 cerni
1164 1561 1290 1627 diceret
1328 1557 1342 1643 (
1389 1608 1396 1621 .

281 1676 465 1751 677-680,
506 1669 704 1755 710-704),
741 1690 810 1735 cum
841 1670 1033 1736 Posidonius
1069 1670 1169 1734 multo
1207 1667 1326 1749 aptius
1361 1670 1398 1729 ut

281 1776 359 1842 mihi
377 1777 517 1858 videtur,
537 1796 634 1841 unum
654 1780 763 1843 orbem
786 1779 927 1843 lacteum
947 1779 989 1842 ab
1014 1777 1060 1842 eis
1084 1775 1213 1841 circulis
1232 1777 1397 1856 segregat,

280 1882 334 1964 qui
358 1885 416 1947 sub
441 1886 610 1964 aspectum
629 1904 692 1948 non
714 1885 835 1949 cadunt
854 1883 961 1970 (Gem.
977 1903 1049 1965 cap.
1065 1883 1112 1947 IV
1131 1881 1211 1966 fin).
1253 1880 1398 1946 Achilles

283 2010 354 2055 eam
382 1989 593 2071 sententiam,
618 1989 651 2054 in
675 2009 739 2069 qua
762 1990 914 2056 Manilius
939 1995 1004 2071 est,
1029 2009 1100 2071 cap.
1127 1996 1166 2055 22
1195 1989 1248 2054 fin.
1274 1988 1398 2067 laudat,

281 2097 339 2163 sed
369 2094 438 2176 ipse
470 2116 490 2160 a
513 2095 686 2160 Posidonio
721 2115 784 2162 non
814 2096 967 2162 dissentit
998 2095 1085 2180 (cap.
1110 2101 1153 2161 24
1180 2094 1223 2160 in.
1248 2101 1283 2159 et
1305 2096 1326 2159 l.
1351 2093 1399 2179 1.).

372 2203 422 2266 Ab
468 2203 518 2284 iis,
562 2222 644 2282 quae
691 2203 733 2268 ad
779 2223 960 2286 supremam
1006 2204 1178 2284 sphaeram
1222 2202 1399 2285 pertinent,

284 2310 506 2376 descendimus
527 2310 569 2374 ad
587 2310 748 2391 planetas.
783 2309 939 2393 Nimirum
959 2309 1052 2374 initio
1072 2315 1196 2391 septem
1214 2310 1273 2375 illa
1291 2308 1402 2375 sidera

284 2421 514 2482 enumerantur
551 2415 676 2501 (Manil.
712 2417 740 2498 l,
777 2422 962 2498 soa—812,
1001 2418 1081 2482 Ach.
1117 2437 1210 2499 capp.
1246 2419 1400 2501 15-17).

238 2602 243 2609 ,
285 2525 380 2605 Apud
400 2524 568 2590 Geminum
588 2525 672 2589 hnnc
687 2525 791 2589 locum
810 2542 882 2604 cap.
905 2523 1083 2605 llegimus
1118 2523 1264 2605 Exponit
1278 2527 1401 2603 auctor,

286 2652 342 2696 cur
374 2633 422 2695 sol
454 2632 607 2710 aequales
640 2629 766 2695 zodiaci
797 2643 910 2711 partes
942 2629 1167 2710 inaequalibus
1204 2631 1402 2712 temporibus

285 2743 466 2818 percurrat.
522 2736 593 2819 Qua
626 2737 666 2800 de
699 2754 798 2802 causa
831 2735 933 2802 ceteri
965 2737 1119 2818 planetae
1151 2737 1237 2803 idem
1266 2736 1400 2817 faciant,

287 2843 360 2908 aliis
383 2844 475 2908 libris
499 2863 534 2907 se
559 2844 797 2908 declaraturum
822 2862 894 2908 esse
913 2844 1085 2924 promittit.
1122 2845 1174 2910 Ex
1193 2845 1243 2911 his
1262 2849 1403 2926 apparet

288 2950 563 3015 enumerationem
587 2948 676 3014 illam
696 2969 759 3014 non
778 2949 871 3015 huius
894 2950 957 3015 loci
981 2970 1062 3034 esse,
1083 2959 1306 3033 excerptorem
1330 2970 1400 3016 eam

288 3056 486 3121 incommode
509 3055 584 3121 huic
608 3055 709 3137 capiti
736 3055 921 3122 inseruisse.
944 3057 1123 3124 —Secuta
1147 3077 1218 3124 esse
1238 3058 1403 3138 videntur,

289 3182 372 3242 quae
405 3163 445 3227 de
478 3181 594 3245 magno
630 3182 714 3227 anno
750 3162 804 3242 qui
838 3162 957 3229 dicitur
991 3166 1182 3246 exponenda
1217 3171 1312 3230 erant
1347 3163 1402 3247 (cf.

288 3269 406 3333 Achill.
430 3288 500 3350 cap.
529 3269 594 3355 18).

376 3376 497 3441 Rerum
521 3376 711 3442 caelestium
733 3384 861 3459 partem
884 3378 1043 3458 reliquam
1066 3383 1170 3443 totam
1199 3379 1231 3444 in
1260 3378 1403 3444 ordinem

289 3482 437 3565 digerere
460 3502 523 3548 non
542 3502 720 3567 possumus
740 3503 811 3549 cnm
830 3484 961 3549 nimium
985 3484 1117 3550 intersit
1140 3483 1227 3550 inter
1244 3485 1403 3551 Achillem

289 3595 323 3654 et
355 3590 533 3655 Geminum.
588 3591 750 3672 Pleraque
782 3591 815 3656 in
848 3590 971 3656 incerto
1001 3592 1214 3671 relinquenda
1246 3598 1330 3657 sunt.
1362 3629 1405 3638 -

289 3695 429 3761 Uberius
448 3696 641 3763 Posidonius
665 3699 704 3763 de
727 3700 795 3763 sole
819 3698 958 3765 dicebat.
996 3700 1069 3763 Huc
1092 3699 1259 3780 pertinent
1278 3698 1406 3766 Gemini

290 3821 360 3883 cap.
387 3809 405 3866 5
429 3805 497 3885 περὶ
520 3807 644 3887 ἡμέρας
672 3807 725 3869 καὶ
753 3806 875 3878 νυκτός,
899 3804 1036 3870 Achillis
1060 3823 1131 3886 cap.
1159 3811 1197 3871 19
1221 3807 1293 3889 περὶ
1315 3807 1404 3888 ἡλίου

290 3912 324 3973 et
343 3914 385 3972 20
408 3911 480 3991 περὶ
502 3913 662 3992 μεγέθους
685 3914 785 3995 ἡλίου,
811 3931 851 3977 ea
870 3931 995 3992 quoque
1019 3912 1125 3993 credo,
1146 3932 1229 3993 quae
1249 3913 1405 3995 epitomes

291 4014 504 4080 Geminianae
529 4036 599 4098 cap.
623 4024 638 4082 1
665 4018 795 4083 desole
819 4036 877 4099 per
900 4018 1067 4084 zodiacum
1091 4025 1221 4084 meante
1245 4019 1405 4084 dicuntur.

291 4120 352 4206 (Cf.
378 4122 482 4187 Blass.
508 4123 528 4187 l.
552 4124 573 4187 1.
598 4144 629 4205 p.
655 4131 707 4206 21,
732 4122 787 4203 qui
811 4123 949 4207 dubitat,
974 4144 1049 4190 num
1072 4145 1131 4207 per
1155 4130 1227 4190 tota
1251 4134 1407 4207 excerpta

291 4228 501 4294 Geminianus
533 4230 611 4294 ordo
642 4238 792 4299 servatus
822 4229 891 4315 sit.)
917 4231 1107 4297 —Deinde
1135 4232 1178 4297 ad
1205 4233 1314 4298 lunam
1338 4252 1433 4313 per·.

292 4334 447 4400 veninms.
491 4336 608 4400 Achill.
629 4356 699 4416 cap.
721 4344 759 4402 21
785 4338 856 4420 περὶ
879 4339 1020 4421 σελήνης,
1043 4337 1168 4403 Gemin.
1189 4358 1282 4421 capp.
1304 4340 1408 4421 621te

290 4448 412 4524 μηνῶν,
446 4450 461 4505 7
494 4444 567 4524 περὶ
598 4443 727 4525 σελήνης
757 4449 944 4525 φωτισμῶν,
975 4451 994 4508 8
1024 4446 1095 4527 περὶ
1124 4446 1296 4526 ἐκλείψεως
1318 4446 1407 4526 ἡλίου
