3282 5102
821 662 870 731 II.

588 831 649 899 De
673 831 846 899 Manilio
870 833 912 899 et
934 830 1107 899 Achille.

378 975 452 1040 Una
493 995 564 1040 cum
606 975 819 1042 Geminianac
863 976 1021 1058 epitomes
1061 974 1208 1055 reliquiis
1248 976 1406 1042 Petavius

289 1080 426 1146 similem
463 1081 727 1147 commentarium
764 1082 877 1164 edidit,
916 1083 970 1162 qui
1007 1081 1208 1149 inscribitur:
1244 1083 1306 1165 ,Ἐκ
1343 1090 1407 1148 τῶν

286 1190 451 1272 Ἀχιλλέως
479 1190 561 1273 πρὸς
590 1190 767 1272 εἰσαγωγὴν
793 1193 836 1261 εἰς
864 1190 902 1253 τὰ
922 1191 1057 1273 Ἀράτου
1089 1189 1306 1273 carropera&
1356 1192 1406 1256 De

290 1296 351 1359 hoc
381 1295 464 1361 libro
494 1295 646 1377 Achillis,
678 1315 772 1375 quem
801 1316 864 1362 non
894 1296 992 1362 alium
1025 1315 1097 1362 esse
1129 1296 1191 1362 nisi
1223 1296 1405 1363 fabularum

291 1401 483 1484 scriptorem
514 1402 631 1468 Suidas
661 1422 815 1484 perverse
847 1408 962 1469 auctor
996 1400 1075 1486 est2,
1104 1403 1246 1469 Diclsius
1275 1405 1405 1487 doxogr.

291 1510 347 1574 Gr.
379 1530 410 1591 p.
444 1516 483 1574 19
514 1529 583 1590 sqq.
617 1516 651 1575 et
683 1510 750 1575 alia
780 1516 813 1577 ct
842 1512 924 1576 haec
955 1510 1026 1575 fere
1056 1510 1188 1576 statuitz
1222 1511 1406 1592 ,Maximam

291 1621 417 1696 partem
438 1615 818 1682 AchillesPosidoniana
842 1617 986 1699 protulit.
1021 1617 1085 1682 Sed
1105 1616 1206 1698 ipsius
1224 1617 1407 1698 philosophi

291 1741 391 1804 opera
431 1743 495 1788 non
538 1724 631 1789 adiit.
696 1725 796 1789 lmmo
839 1723 988 1790 adhibuit
1028 1743 1084 1806 ea,
1122 1742 1205 1804 quac
1247 1724 1406 1806 Eudorus,

291 1829 431 1912 Augusti
469 1831 631 1917 aequalis
670 1851 691 1897 a
732 1831 873 1897 Diodoro
916 1831 1147 1897 mathematico
1185 1831 1407 1897 Alexandrino

291 1941 457 2003 mutuatus
487 1944 569 2003 erat.
622 1939 784 2004 Diodorus
814 1943 937 2020 autem,
961 1938 1128 2005 Posidonii
1152 1937 1343 2020 discipulus,
1369 1957 1406 2003 eo

230 2080 232 2084 ν
290 2043 383 2125 libro,
409 2063 470 2124 quo
494 2046 645 2112 Eudorus
669 2048 832 2127 utebatur,
856 2044 1005 2128 magistri
1027 2044 1203 2127 praecipue
1228 2046 1407 2111 doctrinam

291 2150 542 2233 divulgaverat‘

380 2257 551 2324 Conferam
587 2261 649 2326 hac
686 2264 782 2341 parte
819 2260 1041 2325 commentarii
1078 2259 1218 2325 Achillei
1253 2259 1408 2340 reliquias

292 2383 362 2430 cum
381 2365 508 2431 Manilii
526 2365 608 2432 libro
628 2366 653 2431 I.
695 2368 804 2447 Aque
828 2371 864 2432 ut
883 2387 933 2449 ea,
954 2387 1037 2447 quae
1061 2366 1147 2432 inter
1167 2386 1201 2432 se
1221 2368 1406 2447 cohaerent,

292 2491 311 2536 a
344 2473 463 2538 ceteris
500 2475 583 2538 bene
618 2474 874 2557 distinguantur,
913 2472 1042 2556 singula
1079 2473 1190 2555 capita
1228 2473 1406 2554 disponam,

292 2578 406 2658 quibus
438 2580 523 2645 tales
554 2580 783 2662 inscriptiones
815 2581 944 2657 addam,
979 2583 1092 2661 quales
1125 2600 1165 2646 ex
1203 2580 1407 2662 physicorum

290 2685 444 2750 librorum
473 2687 703 2768 manuscriptis
733 2688 951 2771 cognovimus.
1002 2687 1145 2771 Singulis
1173 2687 1335 2768 capitibus
1366 2689 1407 2752 ab

292 2811 330 2856 eo
355 2792 516 2874 exordiar,
545 2799 581 2857 ut
606 2795 774 2860 ostendam
799 2833 841 2840 —
866 2800 1019 2873 quantum
1043 2795 1114 2860 fieri
1137 2799 1246 2876 potest
1271 2793 1409 2874 —quid

292 2898 445 2964 Manilius
470 2920 489 2964 a
512 2899 685 2967 Posidonio
710 2901 894 2983 sumpserit.

680 3104 708 3163 1.
756 3098 1021 3163 Prooemium.
1244 3146 1246 3149 ·

528 3206 629 3292 (Man.
653 3206 680 3288 I,
706 3212 868 3288 (tc-117,
893 3206 1010 3272 Achill.
1031 3227 1101 3287 cap.
1129 3206 1172 3289 1.)
1210 3203 1211 3206 ’

383 3331 537 3398 Manilius
560 3336 730 3414 postquam
754 3351 806 3398 vv.
828 3337 956 3396 25-65
978 3331 1136 3412 exposuit,
1158 3332 1241 3395 unde
1265 3330 1409 3396 homines

295 3437 487 3503 facultatem
512 3438 681 3506 divinandi
705 3433 875 3519 haberent,
899 3436 1047 3503 versibus
1070 3436 1315 3515 insequentibus
1340 3439 1410 3499 rhe-

295 3544 398 3610 torice
423 3545 463 3610 de
488 3545 604 3610 artium
628 3544 816 3612 inventione
834 3546 936 3610 verba
959 3542 1054 3608 iacit:
1075 3541 1219 3606 homines
1237 3548 1409 3622 postquam

296 3657 423 3717 ceteras
443 3658 532 3718 artes
552 3653 788 3735 cognovissent,
809 3652 841 3717 in
860 3649 964 3731 ipsum
988 3649 1113 3714 caelum
1133 3647 1319 3713 ascendisse
1339 3648 1359 3714 i.
1380 3668 1408 3714 e.

295 3759 526 3824 astronomiam
549 3765 584 3824 et
607 3759 817 3842 astrologiam
841 3755 1012 3838 reperisse.

384 3865 477 3948 Quod
510 3867 631 3933 attinet
663 3868 705 3932 ad
737 3868 821 3931 hanc
851 3868 991 3944 partem,
1023 3861 1142 3926 Achilli
1175 3881 1244 3926 cum
1276 3863 1409 3928 Manilio

296 3992 358 4038 non
390 3972 453 4038 nisi
485 3975 546 4039 hoc
576 3992 741 4039 commune
776 3975 836 4051 est,
873 3970 956 4049 quod
995 3989 1066 4050 cap.
1101 3975 1116 4033 l
1149 3969 1189 4032 de
1221 3969 1334 4034 eadem
1374 3990 1409 4035 re

294 4078 446 4159 loquitur.
494 4079 695 4162 Quamquam
725 4078 843 4142 nonin
875 4075 1011 4140 eandem
1035 4075 1241 4140 sententiam.
1288 4077 1411 4141 Narrat

296 4186 394 4267 enim,
420 4186 495 4266 quid
526 4192 655 4252 veteres
685 4184 772 4248 inter
804 4201 838 4247 se
863 4182 1093 4247 dissentientes
1122 4183 1162 4247 de
1186 4182 1410 4249 inventoribus

295 4297 604 4396 u-Tllra—n—olcgium
622 4343 647 4393 p.
669 4325 717 4377 121
738 4340 794 4390 sqq.

384 4416 395 4446 ²
413 4434 434 4471 S.
453 4434 478 4470 v.
494 4414 620 4483 Ἀχιλλεὺς
638 4413 756 4471 Στάτιος.
