3282 5102
1349 492 1370 559 9

344 690 401 755 sed
443 690 543 756 etiam
586 691 628 756 ad
676 691 926 773 septemtriones
972 699 1007 759 et
1051 694 1219 761 meridiem
1260 714 1374 762 uersus

344 797 401 882 (M.
425 796 451 879 Ι,
478 798 774 863 655-659=(}.
799 798 920 885 2011.)
951 805 986 865 et
1015 799 1134 867 diuidit
1164 821 1235 867 eam
1264 802 1374 867 mundi

343 910 481 986 partem,
520 924 616 985 quam
647 904 804 987 videmus,
837 908 878 971 ab
912 927 966 988 ea,
1000 926 1095 986 quam
1129 928 1193 972 nou
1226 909 1373 975 videmus

345 1013 402 1097 (M.
431 1013 456 1093 1,
482 1017 670 1077 eoo-662
702 1042 743 1068 =
768 1013 807 1078 G.
833 1020 874 1078 20
898 1013 962 1098 R).
1022 1013 1135 1080 Finire
1172 1015 1303 1081 videtur
1340 1022 1374 1081 et

342 1124 464 1186 terram
489 1120 665 1202 (αἰσθητός)
690 1124 724 1184 01
746 1119 897 1184 mundum
921 1121 1116 1203 (θεωρητός)
1140 1120 1242 1205 (11.1,
1264 1128 1372 1187 663-

344 1224 425 1292 0041
452 1255 493 1280 =
518 1225 557 1292 0.
584 1232 625 1291 ao
650 1224 711 1310 0.).

256 1334 305 1400 De
329 1333 473 1398 zodiaco.
759 1386 764 1394 .

262 1480 264 1483 -
345 1439 501 1519 Obliquus
525 1444 576 1504 est
598 1439 751 1505 zodiacus
776 1439 833 1524 (M.
853 1441 879 1522 1,
902 1438 1098 1506 000-6672
1116 1469 1159 1497 z
1179 1440 1218 1507 G.
1244 1449 1285 1507 20
1309 1443 1373 1527 A.).

344 1545 549 1612 Describitur
574 1565 633 1627 per
656 1545 774 1611 Cancri
798 1552 832 1611 et
854 1547 1052 1629 Capricorni,
1077 1567 1137 1629 per
1160 1548 1317 1631 Lanigeri
1341 1555 1375 1615 et

344 1655 465 1719 Librae
496 1653 591 1735 signa
621 1653 679 1736 (M.
703 1654 729 1735 Ι,
762 1659 937 1719 672-674
961 1682 1002 1709 =
1027 1655 1066 1721 G.
1093 1662 1134 1721 20
1159 1655 1213 1741 Α.)
1244 1662 1278 1722 00
1308 1663 1375 1721 tres

345 1761 481 1826 circulos
504 1761 679 1842 parallelos
698 1765 790 1826 secat
809 1762 867 1845 (11.
883 1762 909 1847 1,
927 1759 1122 1826 075-0703
1142 1792 1182 1817 =
1199 1764 1237 1829 G.
1254 1770 1294 1828 20
1310 1761 1373 1846 Β.).

343 1867 501 1944 Latitudo
516 1867 643 1934 zodiaci
659 1872 710 1933 est
725 1868 893 1934 duodecim
909 1869 1051 1950 partium
1067 1870 1124 1955 (M.
1141 1871 1166 1952 Ι,
1181 1866 1374 1936 082--0834

343 2003 384 2029 =
410 1976 449 2041 0.
476 1982 518 2040 zo
540 1975 605 2061 0.).

256 2081 305 2146 De
329 2084 405 2147 orbe
429 2083 545 2147 lacteo.

345 2189 489 2254 Lacteus
513 2209 639 2270 quoque
659 2189 746 2255 orbis
770 2195 838 2256 tres
857 2191 930 2256 iilos
953 2176 1129 2272 parallelos
1153 2198 1245 2258 secat
1269 2192 1327 2277 (M.
1346 2194 1373 2275 I,

345 2302 518 2361 609-700
535 2325 576 2351 =
592 2297 632 2362 G.
650 2294 794 2381 21115).
835 2296 900 2363 Hic
917 2298 1062 2364 'circulus
1086 2318 1149 2364 non
1173 2299 1372 2382 cogitatione

342 2408 471 2468 tantum
505 2386 658 2486 fingitur,
688 2405 746 2469 sed
782 2406 841 2470 sub
879 2412 1047 2486 aspectum
1085 2407 1248 2472 oculorum
1284 2407 1373 2473 cadit

344 2510 400 2593 (M.
425 2511 450 2593 1,
477 2508 671 2576 701-7026
694 2539 737 2566 =
760 2511 800 2576 d.
825 2517 865 2577 21
890 2512 956 2597 D.).

341 2618 518 2697 Postquam
553 2617 594 2682 de
629 2617 759 2683 circulis
797 2616 994 2685 caelestibus
1033 2619 1115 2685 satis
1153 2619 1273 2685 dictum
1311 2626 1372 2698 est,

156 2763 160 2771 ›
255 2729 495 2789 00805-812
516 2725 633 2790 stellae
653 2729 803 2791 errantes
822 2725 936 2807 paucis
955 2726 1229 2809 perstringuntur.
1264 2729 1371 2809 Atque

253 2831 364 2895 eodem
397 2830 509 2896 ordine
542 2838 785 2915 enumerantur,
820 2853 882 2913 quo
917 2834 1005 2915 apud
1035 2834 1205 2900 Geminum
1239 2855 1310 2916 cap.
1345 2836 1371 2917 1,

255 2956 285 3018 p.
310 2941 330 3000 4
353 2939 406 3002 B.:
437 2937 543 3019 prima
574 2943 625 3003 est
654 2939 798 3021 Saturni,
830 2946 984 3006 secuntur
1020 2941 1108 3006 Iovis
1140 2942 1257 3006 Martis
1287 2941 1371 3007 Solis

254 3043 392 3109 Veneris
414 3044 578 3126 Mercurii,
603 3046 717 3112 ultima
740 3045 882 3114 Lunae⁷.

343 3291 412 3346 ¹De
430 3309 455 3346 v.
475 3294 527 3346 665
545 3310 570 3347 v.
589 3310 615 3361 p.
634 3296 677 3346 20.

344 3380 501 3437 ²Versibus
526 3384 666 3436 667--671
693 3386 774 3450 podta
800 3382 879 3436 docet
901 3385 987 3438 Solem
1014 3390 1091 3437 recta
1114 3385 1159 3438 via
1183 3400 1232 3452 per
1257 3387 1397 3448 medium¹

254 3468 391 3522 zodiacum
400 3468 535 3537 progredi,
551 3475 656 3524 ceteras
666 3469 760 3523 stelias
775 3475 896 3523 errantes
910 3471 962 3523 huc
976 3470 1041 3524 11100
1053 3471 1196 3525 declinare
1218 3472 1374 3527 Cleomedes

254 3557 319 3611 item
337 3574 363 3625 p.
382 3560 417 3610 34
435 3557 453 3610 l.
472 3562 488 3611 e
508 3575 564 3625 sqq.
585 3559 613 3611 Z.

343 3646 354 3677 ⁸
372 3647 458 3701 Mam:
478 3647 530 3713 ,Sic
549 3664 607 3714 per
625 3653 681 3702 tres
699 3665 782 3718 gyros
801 3648 913 3702 iuflexus
932 3650 1039 3702 ducitur
1053 3650 1141 3704 orbis‘
1179 3652 1374 3718 (1010.;,Δοξὸς

255 3734 284 3787 δὲ
308 3735 433 3803 κέκληται
458 3738 474 3788 ὁ
492 3737 625 3798 ζωδιακὸς
650 3739 749 3796 κύκλος
773 3738 816 3791 διὰ
841 3739 869 3790 τὸ
888 3739 973 3801 λοξῶς
992 3739 1093 3806 τέμνειν
1111 3740 1171 3799 τοὺς
1190 3742 1373 3810 παραλλήλους

255 3825 388 3883 κύκλους.ι
434 3825 595 3879 Adcuratius
622 3826 749 3881 Geminus
781 3829 860 3895 paulo
893 3834 969 3883 ante:
998 3829 1148 3897 ,ἐφάπτεται
1181 3832 1229 3884 δύο
1262 3832 1372 3883 κύκλων

256 3914 319 3965 ἴσων
338 3935 364 3966 τε
383 3913 429 3966 καὶ
447 3915 624 3982 παραλλήλων
643 3956 648 3966 .
669 3956 675 3967 .
696 3957 728 3971 .,
757 3916 801 3969 τὸν
829 3915 858 3969 δὲ
886 3918 1036 3986 ἰσημερινὸν
1064 3920 1124 3986 δίχα
1144 3918 1245 3985 τέμνει]
1273 3950 1306 3959 -
1333 3921 1373 3972 De

255 4018 297 4055 00.
317 4005 458 4056 etz-680
475 4020 501 4057 v.
519 4020 545 4071 p.
565 4006 607 4057 36.

342 4091 353 4122 ⁴
371 4093 412 4146 De
430 4109 473 4146 00.
493 4095 634 4146 684-698
653 4110 678 4147 0.
697 4110 722 4160 p.
744 4096 786 4147 57.

344 4181 354 4253 ⁵.
373 4182 414 4249 (Ὁ
434 4190 479 4234 τοῦ
498 4181 636 4250 γάλακτος)
654 4185 754 4250 μείζων
771 4184 860 4235 πλάτει
874 4185 1015 4247 λελόξωται
1034 4193 1087 4239 τῶν
1105 4192 1240 4254 τροπικῶν
1254 4187 1370 4238 κύκλιον.

343 4270 355 4304 ⁶
373 4271 413 4325 De
427 4289 470 4340 00.
491 4273 632 4324 703-804
649 4289 674 4325 v.
692 4288 718 4340 p.
738 4274 781 4325 21.

345 4359 451 4413 ⁷Hunc
476 4358 595 4413 ordinem
621 4360 781 4415 Posidonius
807 4361 908 4429 primus
934 4363 1061 4417 statuisse
1087 4363 1209 4429 videtur,
1242 4363 1276 4415 cf.
1295 4361 1372 4414 Blass

255 4443 273 4497 1.
292 4444 309 4497 l.
327 4462 352 4513 p.
374 4450 414 4502 17.
