3282 5102
1306 471 1353 539 23

237 675 365 743 voluit?
402 675 555 758 Suspicor
573 677 741 742 Manilium
766 697 822 742 suo
841 678 950 743 Marte
973 677 1157 760 philosophi
1176 680 1357 747 doctrinam

237 783 440 865 immutasse,
481 783 622 849 fortasse
668 803 706 849 eo
748 783 896 865 consilio,
938 789 977 849 nt
1016 784 1244 866 simpliciorem
1286 807 1357 853 eam

238 889 402 955 redderet.

327 997 445 1063 Altera
459 998 633 1080 sententia,
649 1016 731 1077 quae
747 1003 857 1063 exstat
872 1018 923 1065 vv.
936 1004 1120 1081 sot—873,
1137 1000 1360 1082 Pythagorae-

240 1124 329 1170 orum
353 1109 417 1186 est,
443 1104 497 1184 qui
527 1104 630 1187 ‚aiunt
660 1124 731 1170 esse
756 1105 895 1188 quidem,
920 1105 978 1169 sed
1001 1106 1124 1171 hahere
1147 1125 1260 1172 cursus
1283 1127 1359 1172 suos

240 1217 274 1277 et
297 1217 371 1293 post
394 1216 485 1277 certa
508 1213 613 1277 lustra
636 1211 669 1276 in
694 1218 898 1293 conspectum
928 1212 1113 1277 mortalium
1141 1213 1241 1278 exire⁴
1267 1213 1357 1298 (Seu.

242 1324 338 1401 19,2;
369 1318 458 1383 Aelii
482 1320 571 1384 Plac.
596 1320 655 1401 HI,
682 1325 757 1401 213
787 1319 877 1384 Diels
907 1319 980 1383 dox.
1005 1339 1035 1400 p.
1067 1320 1157 1404 366).
1179 1311 1182 1318 ’
1203 1321 1255 1384 Ad
1278 1321 1359 1386 haec

240 1424 393 1490 Manilius
417 1425 510 1492 addit
533 1427 593 1491 has
617 1427 731 1491 stellas
749 1430 930 1507 ,propterea
953 1445 1017 1490 ιιοιι
1050 1445 1178 1507 semper
1207 1426 1359 1508 conspici,

242 1532 317 1612 quia
333 1532 410 1598 solis
424 1533 527 1598 radiis
542 1534 764 1599 obscurentur.
789 1534 883 1598 Hanc
899 1550 1030 1597 causam
1044 1538 1081 1597 ut
1094 1533 1359 1616 Pythagoraeam

242 1639 490 1722 Olympiodorus
522 1640 634 1705 affert:
667 1640 804 1705 Aristot.
838 1645 971 1705 meteor.
1005 1640 1056 1705 ed.
1089 1639 1197 1705 Ideler
1228 1641 1254 1721 Ι,
1282 1646 1359 1706 183:

242 1748 359 1829 ,ὥσπερ
383 1749 475 1830 φησὶν
499 1749 517 1811 ὁ
540 1755 595 1811 τοῦ
615 1747 736 1831 Ἑρμοῦ
761 1748 859 1830 ἀστὴρ
884 1747 934 1810 διὰ
958 1746 993 1810 τὸ
1017 1747 1191 1829 ίαόὸρομος
1214 1747 1291 1811 εἶναι
1314 1757 1360 1830 τῷ

241 1855 320 1936 ἡλίῳ
353 1856 494 1925 σπανίως
527 1857 676 1937 φαίνεται,
710 1855 872 1937 δυσχερῶς
905 1854 965 1936 γὰρ
992 1855 1160 1928 ὑπολείπει,
1193 1856 1279 1919 οὕτω
1308 1855 1361 1917 καὶ

242 1959 336 2031 οὗτος
369 1963 386 2024 ὁ
419 1964 509 2033 ἕκτος
539 1964 697 2045 πλανήτης
728 1963 873 2044 τοιαύτην
904 1963 968 2044 ἔχει
998 1963 1119 2043 κίνησιν
1143 1962 1197 2024 καί
1220 1964 1361 2033 σπανίως

241 2068 418 2132 ὑπολείπει(

331 2174 445 2240 Tertia
482 2176 619 2255 denique
661 2175 768 2259 opinio
809 2180 876 2239 tam
918 2174 1057 2257 simplex
1099 2180 1160 2257 est,
1198 2179 1235 2239 ut
1275 2175 1363 2240 inter

242 2282 502 2364 philosophorum
535 2283 660 2364 placita
696 2302 768 2348 eam
801 2283 984 2347 habendam
1017 2301 1089 2347 esse
1122 2301 1186 2347 non
1219 2282 1360 2347 credam.

242 2390 329 2454 Deos
361 2389 562 2455 inflammare
596 2391 731 2472 caelum,
765 2395 802 2455 ut
831 2389 1013 2454 hominibus
1042 2408 1150 2454 rerum
1181 2389 1361 2454 futurarum

203 2512 210 2517 ·
243 2495 337 2578 signa
359 2500 579 2579 praestarent,
604 2498 664 2562 hoc
687 2496 828 2562 fortasse
853 2515 893 2561 ea
917 2500 1010 2561 aetas
1033 2497 1182 2578 putabat,
1208 2514 1290 2575 quae

363 2604 413 2685 ,In
436 2603 574 2685 speciem
601 2623 759 2670 conversa
781 2622 913 2685 operum
936 2602 1064 2668 ratione
1088 2604 1244 2684 carebat,‘

244 2716 278 2775 et
301 2730 384 2790 quae
408 2712 511 2776 mirum
536 2730 555 2776 a
587 2716 716 2792 natura,
747 2730 842 2792 quam
865 2709 1092 2792 superstitiose
1116 2729 1137 2775 a
1160 2709 1210 2774 dis
1239 2709 1360 2793 ignium

243 2837 375 2883 causam
398 2819 580 2900 repetebat.
624 2819 720 2883 Hanc
742 2817 903 2882 rationem
922 2816 1075 2882 Manilius
1100 2816 1172 2882 ideo
1194 2815 1361 2882 addidisse

243 2923 382 3008 videtur,
408 2930 444 2990 ut
468 2926 632 2991 commode
657 2926 699 2990 ad
723 2922 979 3008 significationes
998 2929 1196 2990 cometarum
1220 2922 1362 2989 transire

243 3035 364 3114 posset,
389 3032 429 3096 de
454 3032 569 3111 quihus
592 3052 646 3099 vv.
671 3052 741 3112 sqq.
766 3033 868 3097 verba
891 3029 982 3096 facit.

333 3138 477 3204 Achilles
508 3158 579 3220 cap.
604 3144 647 3202 34
670 3157 741 3203 cum
770 3138 852 3202 alias
880 3136 1003 3220 ignium
1030 3136 1161 3217 formas
1186 3140 1253 3200 tum
1277 3134 1363 3200 sicut

244 3245 396 3311 Manilius
416 3250 568 3327 cometas,
588 3244 688 3327 faces,
708 3246 830 3325 trabea,
852 3243 1007 3309 salientes
1027 3241 1194 3309 describit.
1226 3240 1362 3307 Omissis

244 3353 506 3435 philosophorum
538 3351 718 3417 nominihus
750 3356 819 3416 tres
852 3349 1033 3415 sententias
1067 3339 1180 3430 tradit,
1205 3368 1289 3429 quae
1320 3348 1363 3413 ad

245 3466 442 3525 cometarum
466 3458 624 3542 originem
652 3463 818 3540 spectant:
846 3456 983 3539 primam
1007 3457 1226 3538 Anaxagorae
1249 3455 1363 3521 Demo·

246 3567 394 3649 critique,
431 3567 606 3633 secundum
648 3585 727 3646 quos
768 3564 877 3632 vicina
915 3563 1024 3628 sidera
1063 3561 1236 3629 coniuncta
1273 3562 1363 3627 illam

246 3674 387 3757 speciem
420 3661 578 3754 efficiunt,
603 3675 743 3739 alteram
766 3670 951 3738 Heraclidis
974 3669 1115 3751 Pontici,
1140 3669 1194 3750 qui
1226 3670 1365 3735 docebat

247 3787 391 3848 cometas
410 3800 482 3847 esse
501 3784 603 3847 nubes
619 3781 811 3863 illustratas,
831 3778 965 3845 tertiam
985 3775 1363 3857 Aristotelis-Posidonii,

247 3909 342 3969 quam
365 3889 462 3971 paulo
487 3894 564 3954 ante
588 3886 732 3969 exposui.

335 4210 482 4275 Vidimus
496 4227 596 4290 saepe
613 4207 771 4272 Achillem
786 4212 820 4272 et
833 4205 1002 4271 Manilium
1016 4205 1129 4270 eadem
1144 4201 1365 4269 Posidoniana

246 4316 393 4382 reddere.
449 4316 541 4380 Nunc
573 4314 697 4379 animos
732 4314 941 4379 advertamus
978 4312 1020 4376 ad
1054 4310 1099 4392 id,
1139 4310 1223 4390 quod
1264 4308 1364 4372 multo

246 4423 381 4506 gravius
404 4428 469 4489 est:
494 4423 648 4487 librorum
677 4421 748 4486 dico
777 4418 1049 4501 compositionem.
1096 4416 1188 4499 Quae
1218 4420 1255 4480 ut
1282 4413 1365 4480 satis
