3282 5102
1229 532 1250 564 ,κ
1311 484 1354 552 11

242 692 263 755 l.
284 691 305 754 1.
325 711 354 772 p.
379 697 428 755 18.
482 691 612 755 Revera
636 690 785 772 Canopus
808 690 906 755 stella
929 690 962 754 in
986 690 1128 756 Graecia
1152 690 1357 771 conspicitur,

244 799 327 879 quod
351 802 428 863 ante
452 797 659 863 Posidonium
682 797 889 879 Hipparchus
913 801 1004 862 recte
1028 798 1193 863 docuerat.

332 904 453 970 Versus
491 911 553 970 393
592 923 640 984 sq.
678 903 786 969 media
822 904 909 969 inter
945 906 1070 969 Aratea
1107 903 1359 969 Posidonianam

243 1011 423 1077 doctrinam
448 1010 623 1077 continent.
666 1010 767 1077 Orion

287 1120 363 1203 ,Per
385 1117 452 1182 tria
476 1118 633 1184 subducto
657 1117 807 1200 signatur
829 1117 951 1182 lomina
974 1119 1076 1199 vultu,

287 1226 357 1290 Non
381 1226 466 1305 quod
489 1226 580 1291 clara
599 1225 712 1306 minus,
733 1225 792 1290 sed
815 1225 899 1305 quod
915 1224 1020 1307 magis
1044 1225 1114 1290 alta
1136 1226 1313 1290 recedant‘

331 1331 525 1397 Posidonius
544 1332 639 1397 docet
657 1333 772 1397 stellas
791 1332 883 1413 fixas,
904 1350 1039 1410 quarum
1054 1350 1204 1413 suprema
1219 1332 1360 1413 sphaera

245 1445 305 1520 est,
325 1458 387 1504 non
407 1457 517 1504 omnes
535 1439 668 1520 paribus
687 1438 872 1505 intervallis
896 1457 917 1502 a
940 1443 1030 1503 terra
1050 1437 1185 1520 distare,
1204 1439 1260 1503 sed
1286 1437 1360 1502 aliis

247 1544 327 1610 alias
351 1546 486 1611 altiores
510 1564 590 1611 esse.
637 1544 685 1610 df.
708 1545 834 1611 Gemin.
858 1551 880 1610 4
902 1543 961 1609 B.¹

333 1652 532 1734 Similitudo,
571 1671 654 1732 quae
693 1656 744 1717 est
785 1650 919 1717 carmini
955 1652 1102 1717 Romano
1144 1671 1214 1716 eum
1252 1649 1360 1716 libello

246 1760 381 1842 Graeco,
406 1757 468 1826 non
493 1760 608 1843 effugit
630 1760 826 1840 Lausonum,
850 1760 905 1838 qui
927 1759 1040 1840 paucis
1069 1758 1187 1823 abhinc
1210 1756 1304 1822 annis
1328 1762 1362 1822 et

247 1867 286 1931 de
310 1866 384 1932 aliis
413 1869 519 1949 rebus,
544 1887 627 1947 quae
658 1868 700 1932 ad
723 1867 890 1933 Manilium
921 1867 1098 1949 pertinent,
1123 1872 1158 1933 et
1186 1867 1226 1932 de
1253 1866 1361 1931 indole

246 1973 314 2039 eins
346 1974 565 2039 astronomica
597 1980 631 2039 et
667 1974 893 2057 philosophica
924 1972 1025 2057 egic2.
1081 1974 1147 2041 Sed
1180 1974 1263 2039 ialso
1300 1974 1362 2038 hac

247 2100 286 2145 ex
320 2099 356 2145 re
394 2080 552 2146 conclusit
582 2081 750 2147 Manilium
788 2080 975 2147 adhibuisse
1013 2080 1142 2147 Gemini
1179 2076 1362 2161 excerpt-at

246 2188 326 2252 Nam
351 2187 422 2267 quis
440 2189 580 2269 probare
606 2192 716 2270 potest
734 2188 902 2254 Geminum
928 2193 1005 2253 anto
1028 2191 1159 2270 poetam
1182 2187 1362 2251 Romanum

246 2294 370 2360 fuisse?
413 2294 542 2361 Primus
576 2296 765 2361 Alexander
796 2295 1062 2377 Aphrodisiensis
1100 2299 1256 2375 excerpta
1293 2294 1363 2359 eius

246 2399 427 2468 laudavit‘!
445 2440 484 2448 -
503 2402 623 2468 Contra
637 2402 805 2468 Posidonii
818 2402 919 2484 ipsius
935 2422 1035 2485 opera
1049 2402 1204 2467 Manilius
1218 2401 1363 2467 studiose

248 2508 438 2591 cognovisse
470 2508 615 2591 videtur,
648 2529 723 2574 nam
755 2530 819 2576 uon
854 2512 956 2576 solum
995 2508 1176 2574 doctrinam
1208 2513 1364 2573 meteoro-

246 2615 385 2698 logicam
418 2635 439 2680 a
467 2616 657 2698 philosopho
688 2620 855 2682 mutuatus
885 2621 949 2699 est,
981 2618 1040 2682 sed
1069 2616 1169 2682 etiarn
1199 2616 1363 2698 nonnulla,

248 2742 330 2802 quac
364 2724 406 2787 ad
439 2722 673 2789 divinationem
706 2723 887 2806 pertinent,
920 2744 961 2790 ex
993 2724 1062 2789 eius
1094 2723 1177 2789 libro
1215 2722 1363 2805 sumpsit,

248 2830 301 2908 qui
324 2828 565 2895 inscribebatur
590 2833 670 2914 ,περὶ
693 2828 886 2915 μαντικῆςίῧ.

336 2936 466 3002 Summa
514 2937 615 3020 igitur
667 2938 760 3004 huius
807 2938 912 3021 partis
962 2942 1014 3004 est
1063 2940 1158 3003 haec:
1212 2936 1365 3001 Manilius

248 3043 332 3108 sicut
359 3043 515 3110 Geminus
544 3044 711 3110 Posidonii
741 3065 835 3128 opus,
869 3046 953 3127 quod
985 3057 1058 3111 erat
1084 3047 1155 3127 περὶ
1181 3047 1363 3127 μετεώρων,

248 3150 405 3216 adhibuit.

338 3454 348 3490 ¹
368 3453 506 3508 Posidonii
529 3455 563 3508 de
589 3453 676 3507 stellis
701 3454 882 3508 inerrantibus
906 3453 1054 3507 doctrinam
1073 3453 1193 3506 Blassius
1211 3452 1229 3506 l.
1247 3453 1266 3507 l.
1286 3470 1312 3521 p.
1333 3455 1365 3506 17

250 3543 347 3597 ceteris
374 3559 478 3610 quoqne
503 3543 601 3597 Stoicis
632 3543 802 3597 tribuendam
834 3560 892 3597 esse
923 3546 1010 3610 putat,
1037 3559 1096 3596 cnm
1125 3543 1196 3610 apiud
1222 3542 1365 3597 Stobaeum

249 3631 271 3698 I,
289 3634 341 3685 205
360 3635 405 3688 W.
431 3634 498 3686 haec
523 3633 656 3702 legamus:
684 3635 720 3700 ,οἱ
743 3632 772 3685 δὲ
795 3635 867 3686 ἄλλοι
886 3633 1003 3686 Στωϊκοὶ
1028 3632 1080 3701 πρὸ
1106 3640 1158 3685 τῶν
1184 3632 1280 3701 ἑτέρων
1306 3631 1365 3690 τοὺς

250 3722 352 3789 ἑτέρους
370 3723 398 3775 ἐν
417 3723 480 3790 ὕψει
499 3724 545 3776 καί
562 3723 643 3792 βάθει
671 3726 717 3789 (Sc.
737 3725 842 3776 κεῖσθαι
871 3723 931 3782 τοὺς
957 3722 1085 3791 ἀστέρας).
1133 3723 1185 3777 Sed
1209 3737 1312 3787 vereor,
1332 3738 1365 3773 ne

250 3810 300 3864 hoc
325 3812 384 3865 loco
411 3828 464 3865 non
492 3813 577 3865 solum
605 3812 638 3865 de
665 3812 854 3879 inerrantibus,
874 3813 921 3867 sed
948 3813 1030 3867 etiam
1054 3813 1087 3866 de
1111 3812 1228 3881 planetis
1253 3827 1296 3864 res
1322 3811 1364 3863 sit.

250 3899 283 3953 V.
308 3901 370 3954 aet.
395 3900 464 3968 plac.
490 3901 525 3967 lI,
552 3903 584 3954 lt
608 3901 703 3968 (Diels.
728 3901 788 3955 dox.
814 3919 838 3969 p.
858 3904 931 3970 344).
975 3902 1015 3955 ef.
1040 3901 1138 3967 Zeller,
1164 3900 1263 3954 Philos.
1282 3901 1318 3964 Il,
1341 3899 1366 3951 1⁴

252 3989 420 4043 1025a11.4.

341 4078 410 4132 ”De
429 4079 538 4132 Manilio
556 4082 638 4146 potita
657 4079 767 4146 eiusque
785 4079 902 4149 ingenio.
939 4080 1017 4133 Paris
1037 4081 1114 4134 1887.

341 4166 387 4220 Β1.
405 4168 423 4222 l.
441 4184 467 4235 p.
486 4167 520 4220 55
540 4184 595 4234 sqq.

340 4256 446 4310 ⁴Blass
463 4256 482 4310 l.
502 4257 519 4310 l.
537 4273 563 4324 p.
583 4258 625 4309 25.

342 4346 410 4400 5De
428 4345 479 4399 hac
497 4361 527 4399 re
545 4346 607 4399 vide
627 4362 766 4400 excursum
784 4347 806 4400 Ι.
