3282 5102
667 1939 883 2005 Excursus
907 1939 939 2006 Ι.

333 2099 398 2165 Cic.
435 2101 475 2165 de
511 2099 575 2168 div.
610 2101 636 2182 I,
677 2107 737 2165 109
777 2102 872 2167 docet
908 2102 1117 2168 Posidonium
1155 2103 1366 2170 divinationis

245 2206 452 2273 adversarios
485 2228 523 2273 eo
555 2207 695 2274 maxime
725 2208 855 2274 vincere
889 2209 1062 2291 studuisse,
1095 2214 1132 2275 ut
1165 2210 1247 2276 artis
1279 2211 1366 2277 illius

244 2313 403 2380 rationem
434 2320 609 2395 quaereret
638 2320 672 2381 et
701 2322 854 2381 accurate
889 2315 1101 2399 explicaret¹.
1158 2318 1248 2400 erae
1279 2319 1365 2384 ratio

247 2422 421 2487 secundum
464 2422 689 2504 philosophum
730 2424 871 2504 primunr
910 2444 930 2489 a
969 2424 1042 2506 deo,
1082 2424 1201 2490 deinde
1239 2445 1260 2490 a
1297 2425 1366 2491 fato

246 2529 383 2609 denique
410 2550 430 2595 a
453 2535 572 2595 natura
595 2532 776 2612 repetenda
800 2528 880 2596 est2.
927 2530 1145 2597 Diuidehatur
1167 2537 1274 2597 autern
1295 2537 1367 2598 tota

248 2636 406 2704 diuinatio
435 2636 467 2703 in
501 2637 582 2702 duras
614 2643 743 2719 partes:
776 2657 878 2721 genus
912 2638 1122 2704 artificiosum
1155 2659 1273 2722 eorum,
1312 2641 1367 2721 qui

247 2764 349 2812 novos
386 2764 439 2810 res
477 2744 665 2810 coniectura
702 2750 925 2828 persecuntur,
967 2752 1097 2813 veteres
1139 2747 1367 2813 observatione

247 2851 440 2934 didicerunt,
465 2868 567 2936 genus
590 2854 742 2918 naturale
767 2872 885 2936 eorum,
911 2853 965 2934 qui
987 2853 1205 2919 concitatione
1229 2855 1368 2934 quadarn

246 2959 346 3024 animi
368 2958 479 3025 futura
501 2960 729 3041 praesentiunt
737 2957 759 3024 ³.
806 2960 998 3026 Posidonius
1028 2961 1139 3044 igitur,
1172 2981 1243 3026 cunr
1265 2961 1367 3026 totius

247 3066 457 3133 divinationis
480 3066 638 3132 rationein
669 3086 790 3148 ponere
821 3069 933 3149 vellet,
957 3087 1215 3148 unamquamque
1239 3068 1367 3133 illarum

247 3193 417 3239 causarum
431 3172 474 3239 ad
494 3174 555 3239 duo
575 3193 697 3257 genera
716 3173 839 3239 reterre
857 3175 1007 3240 debehat.
1054 3174 1240 3240 Clarissime
1256 3175 1367 3240 Cicero

247 3281 268 3345 l.
292 3282 313 3345 l.
340 3281 358 3367 ξ
386 3288 446 3347 129
471 3301 518 3361 sq.
544 3281 613 3346 eius
637 3280 785 3353 rationis,
809 3301 893 3361 quae
912 3302 932 3347 a
951 3287 1071 3348 natura
1094 3280 1266 3363 repetitur,
1287 3281 1368 3347 duas

247 3395 359 3469 partes
383 3389 516 3456 dividit:
538 3390 684 3472 alteram,
706 3408 789 3469 quiae
813 3390 855 3454 ad
879 3390 1029 3459 naturale
1049 3389 1082 3475 (ξ
1105 3389 1193 3474 129),
1218 3390 1368 3472 alteram,

248 3514 331 3574 quae
355 3496 398 3560 ad
422 3495 632 3561 artificiosum
656 3515 758 3578 genus
782 3499 912 3578 spectat
936 3494 970 3581 (ξ
998 3497 1083 3577 130).

337 3604 432 3669 Hanc
462 3602 566 3685 ipsam
596 3602 779 3684 philosophi
813 3603 992 3668 doctrinam
1024 3601 1177 3667 Manilius
1211 3602 1368 3685 adhibuit,

250 3708 301 3775 cui
331 3715 455 3785 tamen,
484 3709 539 3776 ubi
567 3710 607 3777 de
641 3710 839 3793 astrologiae
869 3709 993 3793 origine
1024 3729 1077 3776 res
1105 3716 1188 3792 erat,
1217 3730 1281 3776 non
1308 3710 1370 3775 nisi

250 3817 290 3881 de
320 3836 382 3882 nno
410 3836 530 3900 genere
555 3818 730 3882 artificioso
757 3817 927 3883 dicendum
958 3822 1040 3883 erat.
1088 3817 1186 3883 Cuius
1209 3817 1272 3882 loci
1302 3823 1370 3881 tres

248 3927 361 4004 partes
385 3928 470 4005 sunt,
496 3916 630 4003 quarum
654 3924 759 4005 prima
782 3929 834 3989 est
857 3924 897 3987 de
922 3923 991 3990 deis
1015 3923 1055 4008 (I,
1081 3924 1238 4008 25—39),
1264 3923 1370 3987 altera

250 4030 432 4095 denatura
457 4029 628 4116 (lo—50),
653 4030 754 4096 tertia
779 4031 819 4095 de
842 4029 911 4095 fato
936 4029 1107 4115 (ol-oc).

253 4156 465 4167 —..—-,..-.,

341 4206 350 4235 ¹
369 4206 489 4273 Schiche,
507 4207 540 4261 de
558 4207 678 4260 fontibus
695 4207 823 4260 librorum
849 4206 992 4273 Ciceronis
1003 4194 1006 4199 ’
1017 4207 1061 4273 qui
1087 4211 1150 4259 sunt
1175 4206 1208 4258 de
1227 4204 1288 4268 div,
1308 4202 1371 4256 diss.

251 4295 310 4348 Jcn.
331 4297 398 4348 1875
416 4313 442 4364 p.
461 4298 497 4349 24
515 4313 553 4363 sq.

341 4384 351 4413 o
370 4385 402 4438 de
421 4385 474 4438 diu.
493 4386 515 4451 Ι,
537 4386 594 4438 125.

342 4474 352 4503 ³
371 4474 404 4528 de
423 4474 476 4527 div.
496 4474 517 4539 I,
536 4473 584 4541 343
605 4476 652 4541 ll,
674 4476 724 4526 109
743 4490 800 4540 sqq.
