3282 5102
1297 514 1344 587 19

314 715 458 781 Achilles
498 736 590 798 capp.
628 723 755 783 10-14
794 720 962 785 stellarum
1000 725 1160 804 naturam,
1198 722 1345 806 figuram,

226 821 345 887 similia
377 822 519 905 exponit,
553 823 738 890 inerrantes
775 846 839 892 non
879 833 1057 892 enumerat.
1112 828 1162 893 De
1200 849 1263 895 axe
1295 831 1346 896 bis

224 927 381 1007 loquitur:
410 947 481 1010 cap.
506 935 546 994 21
571 929 625 994 fin.
650 935 685 995 et
708 950 778 1012 eap.
805 938 857 997 23.
903 931 1049 1013 Uterque
1079 934 1169 999 loeus
1200 936 1347 1001 continet

225 1033 344 1099 similia
367 1034 425 1117 eis,
451 1054 534 1115 quae
558 1036 713 1102 Geminus
737 1056 807 1119 cap.
834 1044 852 1103 3
879 1038 969 1104 dicit.
1017 1040 1124 1120 Atque
1148 1042 1346 1108 verbotenus

225 1139 294 1205 fere
318 1147 498 1224 congruunt
522 1143 618 1208 haee:

291 1247 467 1314 Achilles
489 1269 520 1330 p.
549 1254 610 1314 143
634 1250 689 1314 Aa
908 1253 1053 1319 Gemin.
1076 1274 1108 1335 p.
1137 1260 1175 1320 13
1200 1255 1255 1319 M:

163 1352 166 1356 ⁵
269 1356 444 1439 Σχήματος
461 1359 565 1420 τοίνυν
587 1364 757 1441 σφαιρικοῦ
859 1359 920 1423 Τοῦ
932 1360 966 1424 δὲ
980 1362 1106 1444 κόσμου
1124 1364 1346 1444 σφαιροειδοῦς

224 1463 297 1546 περὶ
319 1462 373 1527 τὸν
395 1464 519 1545 κόσμον
543 1466 660 1535 ὄντος.
687 1515 693 1528 .
718 1515 725 1530 .
751 1516 757 1528 .
811 1466 1008 1548 ὑπάρχοντος

226 1570 318 1634 aaut
327 1573 589 1654 τῆςιτεριφερείας
598 1579 653 1655 τῆς
663 1574 756 1655 σφαί-
812 1573 899 1644 ἄξων
940 1574 1077 1637 καλεῖται
1119 1577 1138 1657 ἦ
1178 1577 1346 1659 διάμετρος

225 1701 285 1759 ρας
301 1684 356 1741 τοῦ
375 1680 506 1761 κέντρου
524 1680 620 1760 αὐτῆς
636 1680 759 1762 διήκων
812 1685 867 1741 τοῦ
891 1680 1029 1763 κόσμον,

226 1786 277 1848 eal
320 1785 378 1868 τὴν
422 1789 622 1869 περιφέρειαν
670 1788 758 1860 ἄξιον

225 1893 367 1966 καλεῖται,

224 1999 296 2081 περὶ
319 2002 356 2062 ὃν
378 2003 542 2083 στρέφεται
564 2002 583 2083 ἦ
608 2007 734 2083 σφαῖρα.
812 2000 882 2082 περὶ
912 2003 952 2083 ἣν
979 2003 1140 2084 στρέφεται
1170 2004 1188 2065 ὁ
1213 2005 1345 2087 κόσμος.

313 2108 365 2172 Ea
379 2107 555 2188 sententia,
572 2126 668 2188 quam
687 2106 825 2189 legimus
844 2105 931 2188 apud
949 2107 1117 2173 Manilium
1132 2128 1185 2175 vv.
1203 2117 1266 2175 232
1282 2130 1346 2191 sq:

599 2213 686 2296 ,quia
708 2218 828 2279 motum
853 2233 916 2278 uon
939 2214 1040 2279 habet
1063 2215 1162 2280 ullum
1340 2218 1346 2228 '

374 2324 450 2403 lpse
473 2321 565 2387 videt
585 2321 672 2387 cirea
696 2319 871 2388 volitantia
895 2326 1011 2386 cuncta
1031 2323 1175 2405 moveri’,

225 2448 470 2511 supervacanea
492 2429 584 2494 nobis
604 2428 743 2512 videtur,
764 2448 835 2495 eum
859 2427 943 2493 idem
968 2429 1081 2509 paucis
1100 2429 1249 2497 versibus
1268 2438 1344 2497 ante

225 2537 344 2602 dietum
365 2537 418 2602 sit.
457 2537 521 2602 Cur
539 2534 694 2601 Manilius
717 2556 786 2601 rem
805 2536 898 2600 modo
918 2536 1121 2601 declaratam
1140 2538 1344 2621 repetiverit,

225 2644 408 2729 apparebit,
438 2642 494 2707 ubi
524 2641 662 2708 Achillis
693 2662 764 2725 cap.
797 2648 839 2706 23
867 2640 1116 2723 inspexerimus:
1147 2643 1345 2726 ,Ὠνόμασται

224 2753 258 2816 δὲ
287 2754 378 2826 ἄξων
408 2752 459 2815 διὰ
490 2751 524 2815 τδ
554 2752 626 2834 περὶ
658 2752 753 2815 αὐτὸν
786 2752 921 2833 ἄγεσθαι
953 2752 1005 2814 καὶ
1035 2753 1260 2833 περιδινεῖσθαι
1290 2756 1344 2818 τδν

224 2861 380 2943 οὐρανόν]
420 2859 533 2923 Nonne
557 2857 825 2925 verisimillimum
850 2862 903 2923 est
925 2863 1067 2940 poetam,
1092 2865 1129 2924 ut
1153 2859 1224 2925 axis
1248 2860 1345 2942 signi-

223 2965 405 3032 ficationem
430 2972 618 3047 exponeret,
640 2966 724 3029 hanc
748 2964 977 3047 etymologiam
1001 2964 1215 3030 aPosidonio
1238 2985 1343 3047 sump-

222 3073 304 3139 sisse
328 3079 362 3138 et
384 3075 487 3140 verba
510 3091 634 3154 graeca
657 3071 760 3137 libere
785 3072 1005 3152 transtulisse,
1029 3090 1100 3136 curn
1124 3091 1187 3136 non
1212 3079 1343 3139 curaret

221 3181 333 3264 lingua
356 3180 462 3245 latina
481 3178 630 3245 adhibita
654 3179 837 3244 sententiae
862 3198 1017 3244 summam
1041 3179 1234 3244 obscurari?
1270 3180 1342 3245 Hoc

220 3307 282 3353 uno
305 3289 399 3353 modo
427 3306 537 3354 versus
561 3286 634 3351 illos
659 3285 871 3366 interpretari
895 3305 1037 3367 possum.
1080 3285 1151 3367 Qua
1177 3286 1217 3350 de
1241 3306 1341 3352 causa

220 3400 294 3477 post
338 3396 439 3461 verba
480 3395 552 3475 ,lroo
587 3392 699 3458 dixere
735 3394 838 3458 axem‘
877 3392 1029 3475 graviore
1067 3411 1162 3471 quam
1201 3393 1340 3459 Iacobus

220 3501 428 3567 distinctione
451 3504 534 3565 utor.
577 3501 666 3565 Pono
691 3499 818 3582 signum
841 3499 930 3581 illud,
952 3500 1036 3578 quod
1058 3499 1149 3564 colon
1173 3502 1341 3582 appellare

220 3608 451 3690 consuevimus
469 3612 506 3672 ut
521 3606 640 3673 clarius
654 3611 815 3689 appareat
829 3606 977 3672 versibus
992 3606 1203 3686 sequentibus
1219 3627 1340 3691 eorum,

219 3735 302 3796 quae
325 3715 535 3797 antecedunt,
561 3733 691 3779 eausam
717 3713 884 3779 contineri.

307 3823 393 3888 Sane
422 3821 584 3886 mirabilia
613 3820 767 3886 Manilius
795 3839 849 3888 vv.
874 3825 938 3886 443
967 3839 1037 3901 sqq.
1062 3824 1097 3886 et
1121 3827 1185 3887 590
1213 3829 1338 3889 narrat.

218 3930 296 4012 Quis
333 3930 397 3995 luit
434 3934 568 4011 praeter
603 3930 688 3994 hunc
725 3933 866 4011 poetam,
905 3928 959 4008 qui
997 3929 1214 3995 antarcticum
1254 3931 1339 3996 sicut

218 4038 374 4103 arcticum
397 4038 516 4102 Arctos
545 4041 579 4101 et
602 4036 785 4101 Draconem
809 4036 979 4117 complecti
1009 4037 1201 4118 putaverit?
1240 4038 1338 4102 Haud

217 4145 283 4210 scio
316 4165 358 4211 an
388 4145 458 4227 ipse
489 4148 588 4225 poeta
619 4145 717 4208 talem
749 4143 923 4209 antarctici
956 4149 1106 4209 ornatum
1139 4150 1337 4209 commentus

217 4251 270 4333 sit,
303 4252 366 4317 nisi
398 4252 484 4317 forte
523 4250 659 4315 eundem
697 4250 728 4315 ei
765 4270 906 4315 errorem
943 4250 1108 4332 imponere
1144 4250 1239 4332 libet,
1274 4269 1335 4329 quo

216 4358 353 4423 Iacobus
385 4359 496 4439 lapsus
528 4354 607 4423 est¹.
664 4356 726 4439 Qui
759 4357 846 4439 apud
883 4357 1042 4422 Achillem
1073 4377 1144 4438 cap.
1177 4362 1218 4422 25
1249 4356 1335 4421 idern

306 4500 315 4531 ¹
333 4501 421 4566 Iacob,
440 4500 474 4553 lle
492 4500 526 4553 M.
546 4498 656 4553 Manilio
675 4502 763 4567 poeta,
783 4499 892 4552 Liibeek
912 4499 989 4564 1833,
1008 4515 1034 4566 p.
1054 4500 1097 4552 21.
