3282 5102
1313 470 1361 538 27

248 668 451 751 ,Posidonius
496 673 530 734 et
575 671 647 752 περὶ
691 674 865 755 μετεώρων
911 692 990 753 opus
1036 673 1236 753 condiderat,
1274 674 1364 739 cuius

247 775 422 857 septimus¹
445 776 528 842 liber
552 776 686 843 affertur
710 778 819 863 (Diog.
833 780 943 844 Laert.
961 780 1031 861 VII,
1048 779 1124 865 144)
1149 785 1184 844 et
1204 806 1363 864 μετεωρο-

247 884 377 966 λογικὴν
399 885 591 967 στοιχείωσιν
614 884 705 969 (ibid.
733 886 821 970 138),
854 905 936 965 quae
969 905 1031 950 uno
1063 885 1146 951 libro
1179 887 1364 953 constitisse

248 990 399 1056 videtur.‘
446 990 661 1073 Quamobrem
684 997 807 1058 rectam
832 994 919 1059 viam
934 1013 964 1059 v.
981 994 1011 1057 d.
1037 992 1199 1059 invenisse
1223 994 1364 1080 videtur,

249 1117 319 1162 cnm
344 1095 424 1162 dicit
447 1098 468 1162 l.
492 1099 513 1162 l.
538 1119 569 1179 p.
593 1106 646 1163 12:
673 1099 808 1180 ‚Eadem
833 1105 951 1182 autem,
977 1119 1060 1180 quae
1084 1099 1116 1165 iu
1139 1101 1201 1165 hac
1223 1100 1364 1182 brevius,

248 1205 282 1270 in
314 1204 436 1270 maiore
468 1224 566 1285 opere
589 1206 782 1272 Posidonius
816 1207 918 1273 fusius
951 1212 1173 1288 pertractasse
1200 1208 1365 1288 putandus

249 1315 319 1376 est‘
380 1311 538 1378 Fortasse
579 1312 790 1395 philosophus
833 1315 1012 1396 complures
1048 1315 1148 1381 libros
1190 1316 1231 1380 ad
1268 1335 1364 1381 unum
1439 1356 1445 1365 ,.

249 1419 377 1501 redegit
396 1439 434 1483 eo
454 1419 596 1502 consilio,
616 1425 654 1485 nt
667 1420 813 1486 intimam
832 1441 939 1486 rernm
958 1421 1165 1503 physicarum
1184 1422 1364 1488 doctrinam

250 1527 404 1592 omittens
441 1527 483 1591 ad
523 1527 724 1594 indoctorum
771 1534 910 1594 mentem
957 1548 1036 1609 opus
1082 1528 1365 1611 meteorologicum

250 1634 519 1701 accommodaret.
556 1634 602 1700 Cf.
618 1634 714 1718 Diog.
731 1636 843 1700 Laert.
858 1636 901 1718 X,
919 1642 970 1717 37,
985 1655 1079 1716 quem
1100 1637 1202 1700 locum
1220 1635 1366 1701 Blassius

250 1742 270 1806 l.
294 1741 315 1806 l.
340 1762 371 1822 p.
400 1748 438 1806 12
463 1741 594 1806 laudat:
621 1794 646 1824 ,.
673 1794 680 1807 .
707 1793 713 1806 .
738 1744 886 1826 ἐπιτομὴν
903 1744 956 1806 καὶ
979 1745 1172 1826 στοιχείωσιν
1194 1749 1260 1806 τῶν
1284 1744 1369 1806 ὅλων

250 1849 375 1922 δοξῶν(
422 1848 545 1914 Nomen
568 1851 702 1915 verbale
729 1853 920 1933 σεοιχείωσις
948 1849 1132 1916 derivatum
1161 1855 1212 1914 est
1239 1869 1259 1914 a
1282 1868 1361 1915 voce

249 1955 420 2038 σεοιχειόω,
445 1974 527 2035 quae
551 1954 715 2037 significat
742 1955 814 2040 „die
837 1957 1007 2021 Elementa
1031 1956 1176 2021 lehren“.

339 2062 430 2144 Quae
462 2062 489 2127 si
522 2068 612 2127 recte
644 2082 716 2129 sese
749 2064 886 2145 habent,
917 2065 1014 2144 paulo
1048 2062 1250 2128 immutanda
1284 2068 1370 2145 sunt,

250 2189 333 2249 qliae
363 2189 395 2250 p.
421 2174 462 2234 24
495 2169 535 2235 dc
564 2168 740 2234 Posidonio
767 2169 894 2235 Manilii
926 2175 960 2234 et
990 2169 1126 2234 Diodori
1156 2168 1370 2235 Alexandrini

251 2282 383 2342 auctore
417 2276 495 2341 dixi.
545 2276 686 2342 Dubium
718 2297 782 2342 non
815 2283 875 2359 est,
909 2278 984 2358 quin
1017 2296 1071 2342 res
1098 2276 1371 2360 meteorologicac

252 2385 294 2449 ab
324 2383 364 2450 iis
392 2385 551 2467 prolatae,
576 2389 735 2463 quotquot
763 2385 806 2448 ad
828 2383 1036 2449 Posidonium
1065 2383 1258 2449 referendae
1285 2391 1370 2466 saint,

251 2491 283 2556 in
324 2491 415 2556 libris
456 2490 526 2556 eius
565 2492 635 2574 περὶ
671 2494 847 2574 μετεώρων
883 2490 1023 2558 inveniri
1064 2491 1239 2572 potuerint.
1306 2491 1370 2558 Sed

252 2604 358 2664 utrum
382 2598 482 2664 libros
506 2598 671 2679 pleniores
702 2618 744 2663 an
767 2599 917 2665 uolumen
941 2598 1072 2665 brevius
1096 2598 1305 2664 adhibuerint
1328 2637 1370 2644 —

252 2707 313 2771 hoc
336 2712 425 2771 certe
449 2711 596 2771 statuere
615 2725 678 2770 non
703 2725 881 2787 possumus.
917 2705 1118 2788 Quamquam
1142 2705 1218 2770 mihi
1243 2705 1370 2785 quidem

252 2811 429 2879 verisimile
449 2812 579 2878 videtur
597 2819 728 2893 poetam
752 2815 944 2896 στοιχείωσιν
964 2812 1157 2894 inspexisse,
1178 2809 1297 2895 qnippe
1321 2812 1372 2877 cui

253 2939 306 2985 res
330 2919 528 2986 difficiliores
552 2939 714 3001 exponere
738 2940 801 2985 non
825 2920 950 2985 liceret.

341 3028 433 3092 Nunc
457 3026 661 3092 conferamus
679 3027 890 3094 Aristotelem
915 3033 1122 3109 personatum
1147 3046 1218 3092 cum
1236 3025 1371 3090 hlanilio

254 3141 288 3200 ct
307 3134 443 3214 Achille,
468 3139 505 3198 nt
523 3135 585 3198 hac
608 3133 736 3198 ratione
761 3134 938 3216 firmentur,
959 3153 1042 3213 quae
1061 3134 1208 3200 Zellerus
1230 3133 1270 3198 de
1288 3132 1370 3197 libro

254 3242 334 3324 ,περὶ
357 3242 492 3323 κόσμον(
516 3239 664 3305 coniecit.
752 3274 754 3278 ·

343 3348 458 3429 Capite
497 3354 513 3412 1
551 3351 664 3412 auctor
697 3346 1002 3427 contemplationem
1037 3346 1162 3428 nrundi,
1195 3365 1256 3426 qrro
1291 3345 1371 3410 nihil

253 3455 428 3540 pulchrius,
452 3454 533 3520 nihil
556 3453 816 3537 magnificentius
840 3453 893 3535 sit,
922 3453 1054 3519 summis
1086 3454 1237 3519 laudibus
1268 3453 1371 3519 effert.

253 3564 306 3628 Ad
330 3568 457 3628 tantam
480 3582 548 3628 renr
572 3583 667 3627 unam
692 3561 832 3626 animam
857 3561 1014 3626 accedere
1038 3580 1149 3642 posse:
1174 3562 1290 3645 ,ἐπειδὴ
1311 3562 1371 3644 γὰρ

256 3673 315 3754 οὐχ
354 3671 422 3733 οἷόν
460 3695 490 3733 τε
528 3670 567 3753 ἦν
603 3679 650 3752 τῷ
686 3670 808 3751 σώματι
849 3671 890 3739 εἰς
923 3668 977 3731 τὸν
1015 3670 1165 3751 οὐράνιον
1198 3671 1373 3752 ἀφικέσθαι

256 3777 353 3840 τόπον
377 3826 383 3839 .
409 3827 415 3838 .
441 3823 465 3850 .,
490 3778 509 3859 ἡ
541 3783 617 3857 γοῦν
645 3776 733 3858 φνχίχ
760 3776 811 3838 διὰ
842 3775 1040 3858 φιλοσοφίας,
1063 3775 1206 3858 λαβοῦσα
1230 3776 1372 3858 ἡγεμόνα

255 3884 310 3947 τὸν
337 3890 424 3956 νοῦν,
453 3884 635 3965 ἐπεραιώθη
667 3884 720 3946 καὶ
751 3883 945 3965 ἒξεθήμησεν
972 3883 1166 3946 ἀκοπίαστόν
1198 3907 1262 3945 τινα
1295 3882 1373 3945 ὁδὸν

256 3993 394 4073 εὑροῦσα
419 4040 425 4052 .
450 4041 456 4052 .
481 4040 487 4053 .
512 4040 518 4053 .
542 3991 662 4072 ῥᾳδίως
700 3990 788 4071 οἶμαι
824 3990 861 4052 τὰ
898 3998 1073 4073 συγγενῆ
1108 3991 1286 4073 γνωρίσασα
1320 3990 1374 4052 καὶ

257 4099 351 4178 θείῳ
374 4104 482 4179 ψυχῆς
502 4098 640 4179 ὄμματι
663 4097 699 4159 τὰ
719 4097 804 4160 θεῖα
827 4098 1094 4179 καταλαβοῦσα
1116 4147 1121 4160 .
1142 4147 1148 4159 .
1169 4106 1187 4160 .‘
1227 4095 1373 4160 Eandem

256 4203 326 4269 fere
349 4203 544 4268 sententiam
569 4204 655 4284 apud
674 4203 834 4269 Achillem
853 4222 979 4283 quoque
1000 4202 1157 4284 scriptam
1181 4221 1252 4267 esse
1276 4221 1374 4283 snpra

257 4350 467 4359 ——-----

349 4436 356 4465 ¹
376 4435 455 4506 Diog.
474 4436 565 4489 Laert.
586 4436 627 4489 ed.
646 4434 786 4488 hieihonr.:
806 4436 850 4497 ιζί
