3282 5102
1338 492 1384 566 35

269 699 437 765 Manilium
461 700 502 765 de
525 704 616 764 terra
639 700 742 782 magis
767 719 861 780 qrram
886 701 926 766 de
950 703 1067 766 mundo
1090 701 1231 768 locutum
1256 722 1327 768 esse
1345 742 1385 749 —

270 812 445 888 propterea
478 805 620 872 fortasse
662 809 722 872 boo
765 806 857 889 fecit,
900 808 984 887 quod
1025 808 1165 874 indoctis
1205 810 1387 875 hominibus

269 914 444 980 favendum
476 932 547 979 esse
581 919 740 978 censeret.
786 916 905 981 Varias
938 915 1169 995 habitationes,
1203 917 1242 981 de
1273 917 1387 996 quibus

269 1021 476 1086 Posidonium
507 1021 606 1086 multo
636 1027 711 1102 post
744 1021 863 1087 dixisse
893 1020 980 1087 infra
1010 1023 1190 1104 ostendam,
1221 1028 1320 1103 poeta
1349 1042 1387 1087 eo

270 1127 412 1210 consilio,
438 1129 560 1210 opinor,
584 1127 659 1193 huic
686 1127 775 1209 parti
803 1128 941 1214 addidit,
966 1134 1003 1194 nt
1032 1131 1094 1194 bac
1124 1128 1252 1195 ratione
1277 1133 1387 1195 terrae

269 1234 405 1300 formam
429 1237 596 1318 globosam
620 1235 810 1300 illustraret.

357 1342 492 1407 Partem
520 1343 658 1407 alteram
682 1342 821 1408 omnium
845 1342 966 1424 optime
989 1343 1136 1410 serravit
1164 1342 1328 1424 Geminus,
1344 1329 1389 1406 'et

270 1449 367 1515 valde
405 1448 575 1514 dolendum
614 1453 675 1530 est,
714 1450 798 1529 qnod
834 1469 897 1514 non
935 1449 997 1515 nisi
1039 1452 1121 1515 baec
1162 1454 1387 1530 excerptorum

271 1555 415 1636 reliqniis
434 1555 586 1621 traditur.
622 1555 656 1621 si
674 1575 786 1622 verum
807 1560 866 1637 est,
888 1556 972 1635 quod
992 1557 1085 1621 modo
1101 1556 1179 1637 dixi,
1195 1555 1389 1621 Posidonius
1500 1558 1503 1564 '

269 1662 401 1729 ineunte
424 1664 487 1728 hac
511 1666 605 1744 parte
631 1663 670 1728 de
695 1664 784 1728 caelo
807 1663 962 1728 nonnulla
984 1662 1126 1744 scripsit.
1169 1662 1306 1744 Deinde,
1326 1662 1389 1727 nisi

269 1769 375 1851 fallor,
409 1770 450 1835 de
482 1771 651 1835 stellarum
683 1775 804 1835 natura
837 1769 907 1853 egit
939 1768 1071 1855 (Achill.
1105 1789 1199 1852 capp.
1234 1770 1389 1855 10-14).

271 1876 358 1941 Ordo
382 1896 500 1958 eorum,
526 1895 609 1956 quae
633 1881 798 1958 secuntur,
822 1876 950 1942 Gemini
974 1881 1009 1942 et
1031 1876 1160 1942 Manilii
1190 1877 1389 1941 auctoritate

269 1982 352 2049 satis
376 1987 516 2048 constat.
562 1983 706 2049 Locutus
730 1988 782 2048 est
804 1982 1014 2065 philosophus
1039 1983 1192 2064 deinceps

913 2088 1108 2155 Geminus:
1176 2088 1375 2154 Manilius:

271 2197 312 2261 de
335 2197 440 2262 stellis
462 2195 683 2263 inerrantibus
1163 2267 1165 2271 ,

359 2323 388 2369 a.
413 2305 453 2369 de
476 2303 611 2369 zodiaco
651 2356 878 2370 ......
900 2324 970 2385 cap.
999 2311 1012 2369 1
1151 2305 1178 2386 l,
1203 2309 1378 2369 256-274

358 2412 389 2476 b.
415 2412 453 2476 de
476 2410 661 2476 borealibus
698 2464 704 2477 .
742 2463 748 2477 .
787 2464 793 2476 .
830 2463 836 2476 .
875 2430 972 2492 .cap.
998 2417 1016 2475 2
1041 2411 1123 2475 med.
1201 2416 1398 2492 294-372

359 2538 386 2583 c.
411 2518 452 2582 de
476 2518 704 2583 australibus.
741 2571 748 2584 .
786 2570 793 2584 .
831 2571 837 2582 .
876 2537 973 2599 .cap.
999 2524 1017 2582 2
1042 2518 1096 2582 fin.
1202 2522 1376 2596 373-442
1431 2588 1435 2599 ,

271 2625 310 2689 de
335 2645 396 2690 axe
420 2630 454 2691 et
477 2624 560 2706 polis
607 2677 880 2692 .......
902 2644 972 2705 cap.
998 2630 1016 2688 3
1203 2630 1376 2690 275-293

271 2731 310 2795 de
335 2732 463 2797 circulis
487 2731 570 2796 caeli
607 2783 879 2797 .......
900 2751 971 2812 cap.
997 2737 1018 2796 4
1203 2736 1387 2796 eor-804.

359 2838 422 2903 Cur
451 2837 605 2903 Manilius
636 2857 728 2902 axem
759 2838 824 2903 alio
854 2838 923 2903 loco
952 2838 1107 2920 posuerit,
1133 2857 1232 2919 supra
1261 2837 1389 2902 ostendi

269 2964 301 3025 p.
328 2951 378 3010 10.
404 2983 443 2991 —
468 2944 614 3009 Achilles
637 2950 712 3025 post
736 2945 850 3009 stellas
874 2950 1024 3010 errantes
1050 2965 1143 3026 capp.
1169 2950 1297 3009 22-27
1331 2942 1389 3007 cir-

270 3052 368 3133 culos,
397 3071 467 3133 cap.
498 3058 538 3116 28
568 3070 662 3115 axem
696 3057 730 3116 et
761 3053 852 3132 polos
885 3052 1050 3133 describit,
1085 3050 1143 3116 sed
1175 3069 1238 3114 non
1273 3049 1389 3112 desunt

268 3158 410 3241 vestigia
437 3156 648 3224 Posidoniani
682 3156 814 3223 ordinis.
860 3158 1011 3224 Exeunte
1041 3178 1112 3239 cap.
1138 3163 1194 3236 21,
1220 3155 1305 3235 quod
1336 3159 1389 3219 est

267 3267 339 3347 περὶ
371 3268 510 3349 σελήνης,
543 3264 681 3329 strictim
715 3283 885 3345 supremae
917 3266 1078 3347 sphaerae
1107 3263 1221 3329 stellas
1251 3260 1388 3343 attingit

268 3377 303 3436 et
325 3372 438 3453 paucis
461 3373 570 3439 verbis
595 3372 666 3438 axis
690 3370 910 3436 definitionem
940 3369 1194 3452 comprehendit.
1240 3368 1321 3433 Inde
1345 3368 1388 3432 ad

268 3478 404 3545 circulos
428 3480 557 3545 transit.
583 3519 623 3527 —
648 3478 946 3545 Psendaristoteles
977 3497 1073 3542 unum
1097 3496 1169 3541 eum
1192 3476 1307 3556 locum,
1333 3474 1387 3554 qui

267 3591 319 3650 est
343 3587 382 3650 de
407 3606 479 3668 axe,
500 3607 540 3652 ex
563 3590 658 3669 parte
683 3587 790 3651 altera
813 3584 951 3666 sumpsit
971 3588 1004 3649 θῖ
1023 3583 1123 3664 capiti
1148 3589 1166 3647 2
1190 3581 1388 3662 interposuit

268 3692 312 3775 (p.
338 3698 399 3758 391
425 3695 446 3758 b
472 3700 511 3759 19
541 3693 638 3779 soa).
699 3691 896 3756 Oirculorum
935 3692 1012 3756 ordo
1051 3690 1138 3772 apud
1176 3694 1386 3770 excerptores

267 3799 412 3864 Graecos
444 3805 477 3864 et
508 3804 639 3880 poetam
668 3800 848 3864 Romanum
879 3798 1028 3864 diuersus
1061 3802 1121 3863 est.
1174 3796 1319 3861 Achilles
1352 3800 1386 3860 et

265 3904 418 3971 Manilius
438 3910 592 3986 quattuor
611 3925 734 3988 genera
752 3910 923 3986 separant:
943 3906 1120 3987 parallelos
1140 3905 1170 3990 (Ι
1184 3904 1239 3985 M.,
1254 3900 1383 3986 illd),

266 4013 392 4077 coluros
424 4012 472 4096 (ΙΙ
500 4014 556 4094 Μ,
583 4012 630 4077 IV
653 4011 718 4096 Α),
752 4011 887 4077 mobiles
920 4011 985 4096 (ΙΠ
1013 4011 1068 4093 Μ,
1099 4010 1204 4096 ΙΑ.),
1239 4008 1384 4087 obliquos

266 4117 327 4202 (IV
350 4119 405 4201 M,
433 4120 467 4184 Π
490 4118 555 4203 Α.).
608 4118 764 4183 Geminus
794 4120 878 4183 hanc
909 4117 1153 4200 dispositionem
1181 4135 1244 4181 non
1274 4119 1383 4197 curat;

264 4229 373 4290 tamen
403 4225 468 4291 illis
498 4227 599 4290 multo
631 4225 868 4290 consideratius
895 4225 982 4306 agit:
1007 4227 1134 4289 tractat
1162 4222 1298 4304 primum
1327 4240 1382 4287 eos

266 4334 416 4414 circulos,
450 4332 504 4412 qui
537 4337 643 4397 certos
681 4331 715 4396 in
748 4333 899 4413 suprema
929 4332 1069 4412 sphaera
1098 4331 1186 4394 locos
1224 4327 1381 4408 obtinent,

264 4439 449 4520 paralleloe,
466 4439 602 4520 coluros,
623 4438 805 4520 zodiacum3
826 4436 942 4501 deinde
967 4455 1031 4518 eoa,
1053 4435 1107 4515 qui
1132 4435 1175 4500 ad
1199 4452 1381 4516 supremam
