3282 5102
303 473 350 539 56

302 702 365 760 μοι.
389 678 439 759 η’]
485 675 593 758 Quare
619 675 772 741 Manilius
797 694 855 755 per
879 674 1019 739 medium
1043 673 1240 739 Centaurum
1269 673 1423 739 circulum

305 782 524 866 describebat3
548 802 621 848 nam
646 783 716 848 sine
740 781 836 847 dubio
858 780 999 847 medium
1028 800 1144 863 corpus
1172 786 1244 847 octo
1275 782 1425 864 partibus

304 890 339 972 (i.
365 908 393 954 e.
418 888 548 954 circiter
570 887 607 974 ¹s4
613 891 713 972 μέρος
737 889 870 971 Condico)
895 887 1000 970 magis
1024 888 1067 952 ad
1090 887 1291 953 occidentem
1315 888 1424 971 vergit

303 1016 398 1076 quam
421 1015 535 1061 manus
559 1000 593 1060 et
615 995 648 1060 in
672 995 791 1059 Librae
815 995 919 1076 prima
942 999 1038 1076 parte
1062 995 1159 1060 situm
1183 1000 1243 1060 est.

391 1103 455 1168 Sed
479 1123 541 1167 uno
566 1103 635 1166 loco
659 1102 697 1183 ie,
722 1101 777 1180 qui
799 1101 981 1183 Hipparchi
1005 1101 1119 1167 librum
1140 1102 1328 1184 adhibebat,
1354 1102 1424 1169 sive

304 1230 413 1275 errore
451 1209 521 1275 sive
557 1208 768 1291 neglegentia
802 1210 913 1289 lapsus
955 1209 1171 1291 cogitationes
1214 1209 1282 1274 eius
1319 1208 1424 1273 minus

304 1321 473 1383 assecutus
510 1321 569 1380 est.
628 1316 879 1381 Mathematicus
912 1316 1052 1381 docebat
1085 1317 1192 1381 coluro
1227 1315 1421 1395 tropicarum

303 1423 440 1488 mediam
464 1421 601 1487 Helicen
625 1442 687 1486 non
711 1423 832 1488 secari:
859 1425 900 1503 ,οῖ
923 1423 983 1504 γὰρ
1006 1424 1241 1506 προηγούμενοι
1264 1425 1368 1505 αὐτῆς,
1393 1424 1422 1484 οἱ

304 1533 337 1595 ἓν
360 1539 397 1613 τῇ
421 1531 545 1612 κεφαλῇ
569 1530 622 1592 καὶ
646 1533 676 1594 οῖ
698 1532 730 1594 ἓν
752 1538 816 1600 τοῖς
839 1531 1048 1613 ἐμπροσθίοις
1069 1531 1171 1603 ποσὶν,
1195 1529 1426 1612 apopompaeo

302 1647 348 1719 τῷ
370 1643 425 1699 τοῦ
449 1637 574 1706 λέοντος
597 1637 871 1720 ὄωόεκοτημορίῳ
894 1645 1019 1702 κεῖνται.
1054 1645 1126 1708 πῶς
1150 1637 1207 1701 οὗν
1232 1636 1365 1699 δυνατὸν
1387 1636 1424 1698 τὸ

303 1747 402 1828 μέσον
425 1751 481 1826 τῆς
503 1746 624 1826 ἄρκτου
653 1747 687 1807 ἕν
716 1754 753 1828 τῇ
782 1748 866 1829 ἀρχῇ
895 1753 951 1809 τοῦ
980 1746 1134 1827 καρκίνον
1163 1745 1311 1819 astorica*
1344 1742 1425 1806 Plus

304 1856 374 1915 toto
407 1850 500 1933 signo
532 1852 768 1932 praecedentes
801 1854 905 1919 Ursae
936 1851 1068 1916 maioris
1106 1851 1222 1916 stellae
1260 1870 1280 1914 a
1308 1848 1426 1913 Cancri

304 1958 397 2022 initio
425 1977 539 2023 versus
568 1958 724 2023 orientem
753 1959 887 2024 distant.
939 1959 1003 2024 Sed
1031 1958 1184 2022 Manilius
1213 1957 1278 2021 alia
1306 1955 1427 2020 statuit

305 2085 335 2131 V.
362 2070 439 2130 618:

352 2171 456 2252 ,Alter
479 2170 512 2235 in
535 2173 619 2236 hunc
643 2172 781 2237 medium
806 2192 1024 2252 summumque
1047 2172 1203 2237 incumbit
1226 2170 1258 2235 in
1283 2188 1375 2234 axem

350 2278 477 2356 Perque
502 2279 602 2358 pedes
625 2278 745 2359 primos
770 2280 928 2346 cervicem
952 2281 1074 2345 transit
1097 2285 1130 2344 et
1152 2279 1277 2344 Ursae‘

395 2385 553 2450 Fortasse
577 2385 679 2468 igitur
702 2387 772 2455 sive
796 2387 865 2469 ipse
889 2387 958 2454 sive
975 2394 1088 2453 auctor
1108 2387 1186 2467 eius,
1211 2406 1281 2451 cum
1306 2403 1429 2467 graeca

307 2494 408 2558 verba
443 2493 555 2575 legens
588 2494 752 2575 signorum
786 2494 951 2559 duodecim
986 2494 1107 2559 ordinis
1141 2511 1316 2575 parumper
1351 2492 1430 2555 ohli-

306 2598 496 2679 visceretur,
517 2601 730 2682 neglegenter
749 2601 890 2666 Leonem
913 2602 1035 2667 Cancro
1053 2602 1300 2666 antecedentem
1320 2599 1427 2663 animo

308 2705 496 2788 effingehat3
539 2711 638 2785 atque
679 2708 728 2771 ita
770 2727 840 2773 cum
879 2708 912 2773 in
949 2709 1069 2774 Leonis
1111 2707 1232 2774 ultimis
1277 2705 1427 2787 partibus

307 2813 413 2878 Ursae
437 2812 553 2877 stellae
577 2813 702 2894 priores
726 2813 810 2878 sitae
835 2820 954 2897 esseut,
980 2817 1140 2881 cervicem
1169 2815 1237 2879 eius
1268 2818 1301 2878 et
1326 2812 1426 2893 pedes

307 2919 433 3002 priores
451 2918 498 2984 fin
527 2920 643 2985 Cancri
675 2908 767 2986 initio
801 2921 998 3002 tropicorum
1036 2923 1155 2987 circulo
1194 2921 1296 2985 dividi
1331 2938 1426 3001 posse

308 3027 485 3110 cogitabat.
533 3026 602 3091 Uno
627 3028 687 3092 hoc
711 3028 803 3092 modo
833 3047 883 3093 me
914 3028 1020 3094 iudice
1049 3050 1139 3094 error
1162 3029 1217 3093 ille
1242 3033 1331 3092 ortus
1355 3044 1426 3090 esse

308 3140 427 3215 potest.

396 3240 581 3323 Quaeritur,
594 3241 670 3322 quid
685 3242 725 3307 de
741 3242 842 3307 totius
853 3243 948 3308 huius
962 3244 1067 3325 partis
1081 3248 1214 3307 auctore
1227 3257 1435 3309 censeamus.

307 3346 500 3412 Dicemusne
535 3344 742 3414 Posidonium
780 3350 990 3431 Hipparchea
1027 3349 1160 3413 Manilio
1196 3349 1281 3414 sicut
1315 3354 1427 3414 cetera

308 3453 535 3534 suppeditasse
592 3474 633 3520 an
688 3458 791 3537 ipsum
847 3462 977 3537 poetam
1033 3456 1256 3521 mathematici
1311 3456 1427 3520 librum

307 3558 514 3639 inspexisse?
560 3562 631 3626 Non
673 3563 803 3628 dubium
846 3570 906 3646 est,
950 3564 1023 3644 quin
1065 3563 1258 3629 Posidonius
1300 3564 1427 3627 illarum

307 3665 467 3729 rationum
506 3687 660 3732 summam
703 3670 897 3751 susceperit:
941 3678 1063 3752 puncta
1104 3670 1355 3749 aequinoctialia
1394 3675 1428 3733 et

308 3771 496 3836 solstitialia
519 3773 552 3836 in
576 3775 739 3855 signorum
763 3775 865 3841 initiis
889 3778 1007 3858 posuit.
1035 3777 1074 3842 ct.
1095 3777 1220 3841 Gemiu.
1242 3777 1257 3841 I
1277 3776 1322 3857 (p.
1344 3783 1362 3840 2
1383 3775 1426 3859 D)

307 3879 423 3961 ,ἕαρινὴ
447 3879 506 3960 μὲν
530 3878 587 3942 οὖν
611 3883 754 3963 ἰοημερία
779 3886 891 3965 γίνεται
913 3885 984 3966 περὶ
1002 3885 1058 3966 τὴν
1079 3890 1144 3947 τῶν
1167 3885 1295 3946 ἀνθέων
1319 3883 1428 3964 ἀκμὴν

308 3988 342 4049 ἐν
374 3993 465 4067 κριοῦ
497 3994 557 4067 μιᾷ
586 3988 685 4069 μοίρᾳ
718 3991 791 4052 etc‘
847 3990 970 4054 Tamen
1002 3996 1129 4070 partem
1164 3991 1264 4071 illam
1299 3988 1327 4053 si
1354 3989 1427 4052 ullo

308 4092 400 4155 modo
424 4091 494 4157 fieri
518 4093 651 4175 poterit,
675 4094 865 4176 philosopho
889 4095 1032 4161 tribuere
1057 4097 1169 4180 nolim3
1198 4097 1281 4161 malo
1312 4095 1427 4162 vitium

308 4199 387 4262 illud
411 4198 638 4281 gravissimum
662 4207 780 4281 poetae
805 4201 867 4282 ipsi
891 4203 1067 4284 imponere,
1092 4222 1185 4282 quem
1214 4203 1297 4268 alias
1325 4219 1425 4280 saepe

308 4305 421 4385 inepta
445 4310 480 4370 et
503 4306 588 4370 falsa
612 4307 759 4372 docuisse
783 4307 933 4374 vidimus,
