3282 5102
1298 504 1346 573 39

230 702 317 783 apud
342 701 499 767 Senecam
528 704 766 784 paenultimo
797 705 866 769 loco
891 712 976 771 snut.
1011 744 1054 752 -—
1087 708 1165 772 Cum
1190 728 1348 791 anonymo

231 809 376 874 Achilles
400 814 474 890 post
496 815 613 875 ventos
637 816 780 876 cometas
804 812 970 893 describit,
1001 813 1163 885 Manilius,
1178 820 1349 894 postquam

231 916 325 983 varia
358 919 554 981 cometarum
584 936 707 999 genera
735 917 948 1000 enumeravit,
978 919 1018 983 de
1047 918 1175 1000 ignibus
1207 940 1292 999 arpna
1316 928 1351 986 et

231 1028 322 1088 terra
351 1022 483 1088 inclusis
515 1022 666 1103 loquitur.
717 1024 915 1090 Brevissima
942 1024 1086 1089 Achilles
1118 1045 1187 1106 cap.
1221 1032 1264 1091 34
1295 1027 1348 1091 fin.

232 1128 381 1211 tonitrus
406 1129 545 1212 iirlgnra,
570 1129 714 1213 fulmina,
739 1133 841 1196 nubes
864 1131 1067 1213 perstringit.

320 1236 463 1302 Restant
485 1238 639 1302 nonnulla
660 1237 787 1303 Gemini
813 1244 846 1302 et
865 1238 1001 1303 Achillis
1026 1237 1146 1321 capita,
1171 1240 1211 1304 de
1236 1239 1351 1319 quibus

233 1343 310 1424 quid
325 1342 440 1425 dicam,
457 1344 597 1409 maxime
613 1345 727 1410 dubius
743 1364 821 1410 sum.
849 1345 938 1410 Fieri
952 1349 1093 1427 poterat,
1110 1350 1144 1410 ut
1159 1346 1351 1412 Posidonius

234 1449 423 1532 appendicis
455 1451 526 1516 loco
559 1450 599 1516 iis
632 1452 838 1534 praescripta
871 1453 1028 1534 traderet,
1062 1451 1177 1533 quibus
1212 1450 1352 1534 sphaera

234 1557 427 1639 explicanda
469 1563 526 1623 aut
568 1558 607 1622 de
649 1560 790 1639 sphaera
827 1558 1031 1624 scribendum
1065 1563 1163 1624 esset.
1220 1559 1352 1645 (itclrill.

234 1684 327 1746 capp.
357 1671 397 1728 35
428 1671 462 1729 et
490 1664 557 1749 36.)
604 1667 712 1744 Atque
740 1665 771 1730 in
803 1665 867 1730 fine
891 1666 991 1731 totius
1016 1665 1123 1747 operis
1147 1666 1288 1731 fortasse
1313 1667 1353 1731 de

233 1773 357 1837 ortibus
385 1775 419 1836 et
447 1772 614 1837 occasibus
642 1778 803 1838 astrorum
834 1774 959 1838 locutus
987 1779 1038 1837 cst
1069 1773 1164 1858 (Ach.
1188 1792 1259 1853 cap.
1286 1773 1352 1858 37).

233 1878 318 1961 Quid
345 1879 458 1943 harum
482 1898 589 1943 rernm
614 1879 753 1945 scicntia
776 1882 897 1962 valeat,
931 1879 1051 1945 ultimis
1075 1880 1185 1946 verbis
1210 1881 1354 1945 Achilles

234 1985 396 2051 declarat:
420 1987 502 2071 ,περὶ
529 1987 648 2049 πολλοῦ
681 1987 715 2050 δὲ
743 1988 874 2069 μάλιστα
905 1988 1026 2050 τούτων
1049 1987 1105 2069 τὴν
1129 1993 1244 2068 γνῶσιν
1267 1989 1352 2049 ἕποι-

234 2100 327 2156 αῦνισ
352 2094 466 2156 εἰδέναι
486 2095 517 2156 αἱ
538 2094 607 2175 περὶ
632 2096 785 2175 γεωργίαν
805 2095 859 2156 καὶ
878 2094 1033 2157 ναυτιλίαν
1056 2093 1111 2156 τὸν
1129 2095 1200 2176 βίον
1223 2096 1352 2176 ἔχοντες.

234 2201 269 2262 ἐκ
293 2201 353 2282 γὰρ
376 2206 442 2262 τῶν
465 2201 628 2264 ἀνατολῶν
651 2201 706 2263 καὶ
728 2206 792 2263 τῶν
817 2202 940 2264 docetor
960 2202 1067 2263 αὐτῶν
1089 2201 1142 2263 τὸν
1165 2202 1277 2283 καιρὸν
1298 2209 1352 2265 τσῦ

232 2308 313 2370 πλοῦ
336 2308 468 2369 καὶτοῦ
491 2314 644 2390 τρνγηταῦ
668 2309 888 2390 ἕσημειοῦνταέ
929 2307 1038 2388 Qtlal'e
1058 2306 1187 2372 Gemini
1211 2328 1282 2388 eal).
1303 2313 1351 2390 14,

234 2414 318 2493 quod
351 2419 402 2478 est
432 2415 503 2494 περὶ
526 2415 747 2496 ἐπισημασιῶν
774 2420 839 2477 τῶν
862 2415 998 2495 ἄστρων,
1025 2418 1097 2478 arte
1123 2433 1192 2478 eum
1217 2413 1257 2478 iis
1282 2434 1353 2479 coll·

233 2521 428 2603 iungendum
454 2539 525 2585 csse
546 2520 686 2602 videtur,
707 2540 790 2600 qnae
806 2521 847 2585 ad
867 2539 1000 2585 occasus
1024 2526 1059 2584 et
1077 2526 1167 2585 ortus
1189 2527 1352 2601 spectant.

234 2627 299 2693 Sed
322 2629 404 2692 haec
433 2627 540 2709 opinio
565 2627 607 2691 ad
630 2627 790 2692 incertum
814 2634 987 2693 revocatur
1015 2646 1062 2708 eo,
1088 2627 1173 2708 quod
1197 2629 1353 2693 Geminus

234 2735 273 2799 de
297 2733 457 2799 sideribus
481 2734 659 2799 orientibus
691 2740 726 2799 et
758 2734 978 2800 occidentibus
1007 2742 1084 2799 arne
1115 2739 1225 2799 terrae
1253 2756 1352 2801 nonas

233 2847 267 2906 et
298 2841 520 2908 habitationes
552 2840 676 2907 scribit.
730 2842 779 2906 De
813 2841 957 2907 eiusdem
990 2861 1083 2923 capp.
1111 2847 1161 2923 15,
1196 2843 1280 2921 quod
1310 2843 1352 2905 ad

232 2949 341 3013 lunam
373 2948 528 3029 pertinet,
558 2953 590 3013 et
619 2954 669 3029 16,
694 2949 778 3028 quod
811 2947 1032 3013 calendarium
1065 2950 1164 3013 breve
1198 2948 1352 3030 coritinet,

232 3055 329 3136 plane
352 3054 460 3120 nescio
486 3054 563 3134 quid
586 3051 753 3119 iurliccm1.

321 3270 482 3335 Nonnulla
506 3268 671 3334 addidisse
695 3267 773 3332 mihi
796 3268 909 3333 videor
933 3268 975 3333 ad
1000 3288 1050 3350 ea,
1074 3287 1158 3348 quae
1182 3268 1289 3332 adhuc
1312 3268 1353 3333 de

231 3375 397 3441 Posidonii
416 3375 509 3441 libris
528 3373 788 3457 meteorologicis
807 3374 893 3440 inter
907 3374 995 3441 viros
1017 3375 1128 3439 doctos
1148 3377 1352 3440 constabant.

231 3482 326 3547 Multi
350 3489 501 3547 auctores
520 3481 701 3563 philosophi
721 3501 800 3563 opus
820 3482 1046 3547 adhibuerunt.
1090 3480 1230 3563 Quorum
1256 3482 1352 3548 alios:

230 3589 408 3671 Manilium,
445 3589 624 3670 Gemiruun,
659 3588 829 3669 Achillem,
868 3587 1181 3654 Pscndaristotelem
1221 3589 1351 3655 uberius

232 3696 385 3777 tractam,
410 3733 450 3741 —
477 3695 573 3761 alios:
599 3695 765 3777 Senecam,
791 3695 1002 3777 Cleomedem,
1027 3695 1158 3759 Aetium
1182 3696 1351 3762 occasione

230 3803 342 3869 oblata
365 3803 495 3870 brevius
520 3802 777 3868 commemoravi.

318 3911 409 3976 Unus
442 3915 540 3989 atque
570 3910 598 3974 is
622 3909 673 3975 vir
697 3908 901 3974 doctissimus
935 3914 968 3975 et
997 3914 1111 3974 auctor
1138 3907 1350 3992 gravissimus

229 4018 280 4083 his
309 4017 497 4083 adiciendus
528 4036 599 4082 esse
622 4017 762 4083 videtur.
785 4055 827 4063 -
851 4017 1016 4098 Gruppins
1039 4018 1182 4082 Hermae
1205 4016 1268 4081 vol.
1288 4016 1347 4098 XI,

229 4145 260 4206 p.
300 4130 361 4189 235
402 4143 471 4204 sqq.
510 4123 654 4188 ostendit
690 4123 809 4188 multas
848 4123 1077 4188 similitudines
1114 4141 1185 4187 esse
1221 4120 1347 4186 Manilii

319 4372 327 4401 ¹
347 4372 434 4439 Caput
458 4370 581 4424 ultimum
606 4370 757 4424 Boockhins
783 4371 845 4424 olim
869 4388 884 4424 a
903 4369 1014 4424 Gemino
1033 4368 1203 4424 abiudicavit.
1250 4367 1302 4420 Sed
1321 4384 1345 4420 v.

227 4460 305 4516 Blass
322 4461 340 4514 l.
358 4461 377 4514 l.
395 4477 421 4528 p.
439 4461 475 4511 24
492 4476 535 4513 an.
556 4461 579 4512 1.
