3282 5102
304 477 324 544 a
380 412 690 498 .·····.÷=··÷:··2·...··22

301 678 448 762 legimus.
495 677 627 758 Confer,
658 696 793 757 quaeso,
825 696 895 741 eum
923 676 1017 741 huius
1049 674 1192 740 auctoris
1223 674 1331 756 eapite
1361 675 1420 756 IV,
1503 765 1509 769 .

229 799 232 803 ·
302 805 384 866 quae
408 785 464 850 ille
486 784 512 866 I,
537 788 711 848 ael-593
737 784 776 847 (le
800 782 969 863 parallelis
992 780 1122 847 circulis
1145 780 1235 845 diat.

388 890 571 956 Manilius
594 890 619 972 Ι,
646 887 743 955 5641:

301 998 447 1064 Circulus
463 1017 483 1062 a
502 1016 623 1063 summo
644 1000 832 1062 nascentem

344 1104 470 1172 vertice
494 1104 646 1169 muudum

299 1318 445 1384 Circulus
455 1317 497 1382 ad
511 1319 642 1381 boream
653 1315 832 1398 fulgentem

344 1424 485 1490 sustinet
508 1425 632 1488 Areten

301 1852 427 1930 Sexque
454 1849 541 1933 fugit
564 1849 685 1914 solidas
709 1869 729 1914 a
753 1849 834 1914 caeli

345 1957 470 2023 vertice
493 1962 615 2038 partes

303 2279 397 2342 Alter
428 2278 471 2342 ad
499 2277 637 2343 extremi
661 2278 835 2343 deeuueus

348 2384 457 2450 sidera
481 2384 606 2466 Caneri,

303 2493 341 2557 In
370 2510 431 2571 quo
463 2496 663 2556 consummat
685 2492 836 2556 Phoebus

348 2599 515 2678 lucemque
539 2617 734 2679 moramque

305 2706 479 2786 Tardaque
497 2726 557 2788 per
576 2706 690 2788 longos
707 2704 837 2771 eireunr-

349 2812 415 2877 fert
438 2813 559 2878 lumina
582 2811 695 2894 flexus⁷

306 3122 477 3198 Aestivum
504 3130 610 3196 medie
639 3150 754 3197 nemen
778 3130 839 3196 sibi

352 3239 451 3304 sumit
474 3240 515 3303 ab
540 3242 648 3320 aestu3

308 3345 478 3428 Temporis
518 3349 552 3410 et
588 3343 683 3410 ululo
717 3345 840 3428 potitur

352 3458 504 3531 metaque
527 3451 668 3518 volantis

310 3560 395 3625 Solis
428 3564 462 3624 et
495 3563 656 3626 extremos
689 3561 842 3644 designat

354 3666 500 3733 feruidus
523 3672 615 3733 aelus

310 3881 357 3945 Et
366 3880 506 3961 quinque
516 3881 550 3946 in
560 3887 673 3962 parles
684 3880 844 3962 aquilonis

357 3988 461 4054 distat
484 3991 525 4054 ab
550 3991 637 4055 urbe.

313 4203 525 4212 ...-..—--.--.—.

402 4252 413 4289 ¹
431 4254 472 4307 ed.
491 4252 582 4307 Jacob.
601 4252 689 4305 Berol.
711 4251 787 4304 1846.

953 887 1134 953 Geminus
1162 906 1241 968 cap.
1267 884 1350 952 1V2=

934 1320 975 1379 14
998 1315 1029 1379 O·
1067 1313 1160 1385 οὗτος
1190 1315 1224 1377 δὲ
1255 1316 1273 1377 ὁ
1304 1315 1421 1383 κύκλος

887 1423 920 1484 ἒν
951 1431 988 1505 τῇ
1019 1423 1096 1484 καθ’
1131 1423 1217 1504 ἡμᾶς
1248 1422 1418 1502 οἰκουμένῃ

886 1529 950 1592 ὑπὸ
986 1535 1043 1591 τοῦ
1084 1529 1283 1610 ε’μπροοθίου
1321 1527 1421 1597 ποδὸς

884 1643 939 1719 τῆς
987 1637 1125 1717 μεγάλης
1170 1637 1287 1718 ἄρκτου
1333 1658 1419 1716 περι-

886 1744 1046 1825 γράφεται.

937 1856 975 1914 19
1000 1850 1036 1913 Β.
1062 1850 1080 1911 ὁ
1104 1848 1253 1930 ἀρκτικὸς
1276 1848 1341 1911 ἀπὸ
1364 1854 1421 1911 τοῦ

888 1957 988 2019 πόλου
1020 1957 1252 2038 καταγράφεται
1291 1956 1421 2037 ἀπέχων

889 2062 1045 2146 ἑξηκοοτὰ
1068 2065 1109 2136 ἕξ.

937 2282 977 2341 14
1001 2276 1034 2341 C.
1063 2275 1194 2358 (θερινὸς
1218 2277 1252 2339 δὲ
1270 2274 1422 2357 τροπικὰς

889 2385 1006 2454 κύκλος
1030 2385 1137 2448 εὀτὶν.
1163 2434 1169 2447 .
1194 2435 1200 2447 .

937 2496 977 2556 14
1000 2491 1040 2555 D.
1065 2491 1116 2575 ἐφ’
1142 2489 1180 2554 οὗ
1209 2492 1376 2573 γενόμενος
1404 2492 1423 2553 ὁ

890 2600 979 2682 ἥλιος
1023 2600 1081 2682 τὴν
1129 2599 1259 2682 θερινὴν
1304 2598 1424 2680 τροπὴν

890 2713 1042 2769 ποιεῖται·
1061 2708 1094 2769 ἕν
1135 2704 1156 2789 ᾗ
1195 2708 1322 2788 μεγίστη
1366 2705 1425 2786 μὲν

878 2812 1005 2878 Ιπασῶν
1039 2819 1104 2876 τῶν
1142 2815 1175 2875 ἐν
1212 2823 1258 2895 τῷ
1293 2815 1425 2895 ἐνιαυτῷ

891 2922 1004 3003 ἡμέρα,
1047 2922 1190 3003 ἐλαχίστη
1235 2920 1269 2983 δὲ
1310 2923 1329 3002 ἡ
1367 2920 1424 2993 νὺξ

892 3030 1013 3110 γίνεται.

938 3347 1017 3431 μετὰ
1036 3350 1143 3430 μέντοι
1167 3373 1201 3429 γε
1222 3348 1278 3430 τὴν
1296 3343 1427 3428 θερινὴν

894 3455 1014 3537 τροπὴν
1025 3456 1130 3517 οὐκέτι
1139 3454 1221 3536 πρὸς
1231 3454 1428 3534 τάςᾶρκτους

895 3562 1087 3643 παροδεύων
1111 3561 1232 3641 ὁῆλιος
1252 3561 1427 3641 θεωρεῖται,

897 3668 963 3730 ἀλλ’
984 3668 1035 3730 ἐπὶ
1053 3667 1090 3729 τὰ
1110 3667 1200 3747 ἕτερα
1219 3668 1301 3748 μέρη
1321 3667 1427 3747 τρέπε-

896 3798 945 3837 ται
967 3780 1023 3837 τοῦ
1047 3773 1184 3855 κόσμου.

946 3885 985 3944 19
1001 3880 1038 3944 Β.
1056 3881 1074 3942 ὁ
1090 3879 1125 3941 δὲ
1140 3878 1268 3960 θερινὸς
1282 3877 1431 3959 τροπικός

898 3986 961 4049 ἀπὸ
999 3993 1053 4049 τοῦ
1091 3987 1241 4067 ἀρκτικοῦ
1279 3987 1431 4069 γράφεται

899 4095 1028 4177 ἀπέχων
1052 4092 1205 4175 ἕξηκοοτὰ
1229 4094 1261 4156 ε’.

404 4341 570 4406 ²Petavius
590 4342 623 4394 de
642 4339 765 4392 doctriua
789 4344 939 4405 temporum
964 4341 1015 4411 HI,
1039 4341 1239 4410 Uranulugium‚
1265 4342 1326 4395 Lul.
1346 4339 1432 4393 Paris.

316 4435 393 4498 1630,
412 4449 437 4500 p.
459 4433 492 4483 14
511 4446 567 4496 sqq.
