3282 5102
203 703 337 768 Tertius
364 702 398 766 in
425 700 532 765 medie
555 700 666 765 mundi
689 719 736 765 re-

135 804 141 814 ’
168 889 171 894 ,
249 809 345 893 giene
368 804 513 873 Ιοοιιίιια1

204 913 738 1000 Ingentispiratotumprueeingit

250 1023 421 1105 Olympum

206 1236 308 1301 Parte
355 1235 395 1299 ab
442 1239 580 1314 utraque
625 1232 741 1315 videns

253 1361 362 1424 axem3
383 1360 444 1421 que
464 1340 575 1406 limine
590 1341 741 1406 Phoebus

208 1449 378 1531 Compenit
422 1448 556 1530 peribus
601 1448 742 1513 numeris

255 1561 444 1635 noctemque
468 1554 616 1635 diemque

210 1663 305 1729 Veris
341 1668 377 1728 et
422 1662 568 1728 autumni
610 1680 743 1728 currens

254 1790 313 1852 per
336 1775 483 1851 tempera
508 1769 620 1851 mixta,

211 1878 289 1943 Cum
312 1876 452 1942 medium
479 1875 609 1956 aequali
633 1874 744 1940 distin-

256 1984 328 2067 guit
350 1983 469 2049 lumine
493 1984 628 2064 eaelum,

212 2091 374 2174 Quattuor
392 2096 426 2156 et
445 2090 601 2173 gradibus
616 2108 675 2155 sua
688 2089 745 2154 file

256 2197 384 2263 reducit
408 2199 449 2263 ab
474 2201 576 2262 aestu.

213 2521 384 2586 Proximus
394 2522 478 2586 hune
489 2521 578 2585 ultra
592 2519 748 2584 brumalis

258 2628 385 2693 nomine
410 2627 543 2710 cingens

214 2736 339 2801 Ultima
389 2735 542 2817 designat
591 2733 749 2817 fulgentis

259 2841 381 2908 lumine
405 2841 492 2922 solie,

214 3160 372 3240 Inviaque
410 3144 553 3239 oblique
582 3158 746 3224 radiorum

259 3286 394 3332 munere
416 3266 545 3332 flemma
623 3256 626 3262 ’

216 3375 283 3440 Det
300 3394 360 3456 peu
378 3375 443 3439 iter
457 3373 622 3439 minimum
636 3372 745 3457 nubis;

219 3896 281 3955 588
304 3891 426 3970 Bisque
451 3890 540 3956 iaeet
558 3889 642 3956 binis
667 3909 748 3956 sum-

260 4003 366 4064 motus
389 3997 538 4080 pertibus
562 3997 658 4063 orbiu

838 916 879 976 14
901 912 942 976 D.
977 910 1167 993 Ἰσημερινὸς
1198 911 1233 973 δέ
1263 911 1325 973 ἐστι

792 1019 908 1089 κύκλος
932 1020 950 1081 ὁ
972 1019 1119 1100 μέγιστος
1146 1021 1210 1080 τῶν
1233 1018 1325 1079 πέντε

791 1126 1002 1208 παραλλήλων
1025 1124 1153 1187 κύκλων
1178 1173 1183 1185 .
1210 1171 1218 1185 .
1243 1172 1249 1185 .

842 1344 883 1403 14
907 1337 945 1403 Ε.
970 1335 1022 1420 ἐφ’
1054 1335 1092 1401 οὗ
1117 1338 1284 1419 γενόμενος
1308 1337 1326 1399 ὁ

795 1447 882 1529 ἥλιος
905 1445 960 1516 τὰς
982 1446 1149 1526 ἰσημερίας
1171 1449 1310 1516 ποιεῖται,

840 1662 897 1742 τήν
936 1683 968 1722 τε
1009 1657 1138 1740 ἐαρινὴν
1178 1657 1232 1720 καὶ
1272 1656 1329 1738 τὴν

797 1767 1051 1850 φιλινοπωρινην.

846 2095 884 2152 19
909 2088 943 2152 O.
971 2088 989 2150 ὁ
1013 2086 1048 2149 δὲ
1071 2084 1251 2168 ι’σημερινὸς
1275 2085 1332 2166 ἀφ’

800 2196 952 2277 ἐκατέρου
983 2199 1047 2257 τῶν
1075 2197 1237 2274 τροπικῶν
1260 2193 1332 2274 ἐξη-

801 2302 900 2367 κοστὰ
925 2302 952 2365 δ’
979 2298 1038 2385 (80.
1061 2297 1196 2382 ἀπέχει).

849 2737 889 2797 15
914 2730 953 2796 Α.
977 2729 1054 2812 μετὰ
1081 2731 1189 2812 μέντοι
1217 2752 1251 2809 γε
1280 2728 1337 2810 την

802 2838 978 2921 χειμερινὴν
995 2837 1115 2918 τροπὴν
1134 2837 1239 2899 οὐκέτι
1254 2834 1336 2916 πρὸς

800 2947 1004 3028 μεσημβρίαν
1019 2943 1239 3025 παροδεύωνὸ
1249 2941 1336 3024 ἥλιος

800 3055 978 3135 θεωρεῖται.

848 3164 888 3224 14
899 3159 939 3223 Ε.
957 3156 990 3242 (ὁ
1002 3155 1176 3242 χειμερινὸς
1184 3152 1336 3236 τροπικὰς

800 3254 933 3350 κύκλος)
966 3266 1018 3347 ἐφ’
1048 3261 1087 3327 οὗ
1118 3262 1285 3344 γενόμενος
1316 3262 1335 3323 ὁ

800 3373 887 3455 ἥλιος
915 3372 972 3454 τὴν
1008 3369 1186 3453 χειμερινὴν
1214 3368 1336 3451 τροπὴν

800 3486 952 3543 ποιεῖται·
976 3479 1016 3541 ἐν,
1040 3476 1062 3561 ᾖ
1085 3478 1104 3560 ἡ
1124 3477 1252 3558 μεγίστη
1276 3475 1336 3558 μὲν

800 3590 913 3649 πασῶν
949 3589 1013 3648 τῶν
1050 3585 1083 3647 ἐν
1119 3591 1165 3666 τῷ
1201 3584 1336 3664 ἐνιαυτῷ

801 3692 860 3766 νὺξ
897 3692 1079 3764 ἐπιτελεῖται,
1116 3690 1257 3772 ἐλαχίστη
1301 3689 1335 3752 δὲ

801 3802 915 3883 ἡμένα·

842 3913 887 3997 ,19
913 3906 945 3971 C.
975 3907 993 3970 ὁ
1018 3907 1052 3970 δὲ
1075 3902 1252 3988 ίοημτρινός
1274 3904 1333 3983 ἀφ’

803 4016 956 4097 ἐκατέρου
983 4018 1048 4076 τῶν
1075 4016 1239 4094 τροπικῶν
1261 4010 1295 4082 ἐξ
1319 4048 1332 4058 -

942 4122 950 4141 Ι

953 4170 959 4183 α

802 4120 896 4185 κοστά
924 4121 942 4183 δ

306 4284 314 4313 ¹
335 4283 375 4337 Of.
395 4282 552 4338 Cleomedes
570 4281 686 4350 κοκλικὴ
705 4282 809 4348 θεωρία
826 4296 852 4347 p.
871 4278 941 4332 201.
962 4279 995 4329 19
1014 4277 1056 4331 ed.
1075 4275 1197 4345 Ziegler:
1217 4273 1262 4338 ,είς
1283 4270 1332 4337 μὲν

216 4373 284 4430 esis
300 4372 348 4425 δύο
368 4374 410 4425 ίσα
429 4373 530 4439 τέμνων
548 4372 592 4425 τὸν
610 4371 740 4438 οὐρανόνί,
765 4371 789 4422 Α
808 4368 949 4422 Cleomede
971 4373 1062 4421 autem
1081 4364 1120 4431 ,τὰ
1144 4361 1251 4441 πολλὰ.
1272 4402 1277 4413 .
1298 4400 1304 4412 .
1326 4403 1332 4417 .

217 4469 269 4515 τῶν
287 4461 433 4530 εἰρημένων
451 4463 482 4515 ἐκ
502 4470 555 4515 τῶν
573 4461 755 4515 Ποσειδωνίου
774 4459 899 4527 είληπταιί
918 4474 943 4524 ρ.
963 4458 1023 4521 228,
1043 4455 1059 4508 l.
1078 4456 1096 4506 4
1113 4452 1143 4505 Z.
