3282 5102
1326 497 1374 565 47

260 709 408 790 οὐρανὸν,
438 709 560 790 ὁμοίως
591 707 625 770 δὲ
654 757 660 769 .
694 756 700 769 .
732 756 738 768 .
766 707 820 769 καὶ
849 705 1065 774 Ποσειδώνιος
1095 706 1128 767 ἓν
1160 706 1279 786 πρώτῳ
1309 704 1380 785 περὶ

258 819 367 880 θεῶν]
412 814 484 896 Qua
508 833 606 879 exre
631 817 779 895 apparet,
805 812 961 892 quumcdc
982 809 1136 875 Manilius
1160 813 1200 875 ab
1224 809 1274 892 iis,
1296 830 1378 890 quae

259 925 328 988 sula
360 927 495 1003 prepter
527 924 751 1003 argumentum
784 919 864 984 illud
895 921 936 984 ab
965 938 1030 983 una
1058 919 1200 998 sphaera
1227 937 1379 999 suprema

259 1028 432 1110 repetitum
463 1027 570 1092 dicere
600 1025 630 1091 ei
657 1025 789 1106 licebat,
820 1026 862 1089 ad
892 1023 958 1089 alia
989 1023 1117 1088 delatus
1142 1023 1195 1088 sit.
1220 1060 1262 1068 —
1287 1023 1380 1088 Sicut

258 1141 358 1217 poeta
380 1155 433 1201 vv.
458 1138 634 1199 ceu—494
662 1132 774 1197 Cicero
805 1133 845 1197 de
877 1132 964 1196 deor.
995 1136 1064 1195 nat.
1088 1130 1130 1204 II,
1155 1137 1196 1195 93
1221 1130 1379 1196 aduersus

259 1244 435 1324 Epicurum
464 1239 631 1307 dimicat¹z
664 1241 736 1322 ,Hic
767 1259 826 1322 ege
855 1259 919 1305 nun
949 1238 1047 1304 mirer
1076 1257 1146 1304 esse
1177 1257 1378 1320 quemquam,

260 1349 314 1431 qui
333 1350 395 1415 sibi
413 1348 613 1432 persuadeat
633 1366 769 1430 corpora
789 1348 947 1427 quaedam
969 1345 1073 1411 solida
1093 1349 1191 1425 atque
1211 1345 1379 1411 indiuidua

259 1457 292 1522 vi
325 1463 358 1522 et
390 1456 556 1540 gravitate
588 1454 680 1528 ierri,
711 1454 927 1534 mundumque
957 1452 1039 1519 effici
1076 1451 1313 1518 ornatissimum
1345 1458 1379 1517 et

259 1564 506 1646 pulcherrimum
543 1584 584 1628 ex
620 1582 728 1628 eurum
767 1581 935 1643 corporum
973 1560 1182 1627 concursione
1219 1559 1377 1625 fortuitas

260 1671 298 1736 cf.
323 1672 342 1758 ξ
367 1678 419 1736 97.

347 1779 437 1842 Haec
461 1777 568 1843 omnia
590 1776 784 1842 Posidonius
807 1776 840 1840 in
863 1776 956 1840 libris
978 1776 1048 1858 περὶ
1075 1776 1163 1838 θεῶν
1187 1773 1257 1839 sinc
1281 1774 1378 1839 dubio

257 1885 408 1968 protulit,¹
417 1886 474 1951 sed
489 1885 597 1950 nescia
613 1904 654 1950 an
670 1884 823 1950 Manilius
840 1884 954 1948 eadem
969 1883 1111 1963 inopere
1128 1881 1377 1964 metemulcgicc

256 1992 403 2059 invenire
426 1992 579 2074 potuerit.
981 2006 983 2011 ’

669 2258 885 2325 Excursus
909 2257 964 2323 ΙΙ.

343 2422 435 2487 Nunc
459 2420 668 2503 inspiciamus
692 2440 763 2485 eam
779 2418 1026 2485 Astroncmicnn
1050 2422 1189 2500 partem,
1215 2419 1256 2482 ad
1282 2436 1377 2497 quam

257 2529 508 2610 componendam
526 2532 625 2610 poeta
639 2527 736 2592 Arati
753 2546 881 2591 carmen
902 2522 1078 2590 adnuunt
1122 2524 1240 2589 confer
1256 2543 1376 2604 quaese

256 2637 352 2701 haec:

403 2741 587 2807 Manilius
611 2741 640 2806 I:
1030 2740 1188 2803 Aratus:

258 2855 319 2913 279
340 2850 429 2914 Aera
447 2868 507 2931 per
522 2848 663 2930 gelidum
681 2847 789 2913 tenuis

326 2986 329 2990 “
346 2956 516 3021 deducitur
540 2956 611 3020 axis

257 3062 490 3141 Libratumque
527 3063 613 3144 regit
661 3062 789 3128 diverso
845 3068 885 3126 22
946 3061 1050 3144 ἔχειὸ)
1064 3061 1238 3122 ἀτάλαντον
1253 3060 1375 3141 ἁπάντη

345 3168 477 3234 cardine
501 3169 649 3233 mundum
662 3191 669 3252 3
843 3168 1002 3250 μεσσηγὺς
1012 3174 1104 3249 γαῖαν
1115 3167 1185 3247 περὶ
1198 3166 1226 3228 δ’
1238 3166 1377 3246 οὐρανὸς

932 3275 1025 3344 αὐτὸς
1048 3275 1148 3355 ἀγινεῖ

842 3384 898 3444 καί
910 3406 964 3464 μιν
983 3382 1175 3462 πειραίνουσι
1195 3380 1264 3442 δύω
1282 3379 1375 3443 πόλοι

931 3488 1181 3570 ἀμφοτέρωθεν;

257 3596 408 3662 Sidercus
428 3598 515 3663 circa
534 3596 672 3661 medium
695 3615 788 3675 quem
846 3600 884 3658 19
913 3594 1026 3676 Οῑμὲν
1042 3595 1132 3675 ὁμῶς
1150 3594 1260 3663 πολέες
1277 3594 1374 3656 τεκαὶ

343 3705 487 3770 Volvitur
511 3703 598 3769 olbis
931 3702 1057 3771 ἄλλυδις
1081 3703 1169 3764 ἄλλοι
1192 3701 1293 3770 ἐόντες

259 3810 499 3891 Aetlrerecsquc
522 3815 613 3876 rotat
635 3829 761 3891 cursum
843 3811 985 3891 οὐρανῶι
1005 3809 1144 3871 ἕλκονται
1162 3809 1253 3870 πάντ’
1268 3809 1374 3889 ἤματα

932 3916 1059 3997 συνεχὲς
1081 3917 1159 3978 αἰεί·

256 4056 467 4069 —--——.——..

347 4180 355 4208 ¹
373 4181 448 4234 Diels
466 4183 576 4251 (loxcgr.
594 4199 619 4250 p.
639 4185 681 4236 21.

343 4268 354 4298 ²
371 4270 509 4334 Maesulus,
529 4272 573 4335 qui
590 4272 639 4323 hcc
653 4272 710 4338 ipsc
724 4287 793 4324 annu
807 4270 886 4323 Arati
907 4269 1096 4322 Phaenomena
1117 4267 1210 4333 edidit,
1224 4264 1372 4331 annotarit,

256 4356 349 4420 quibus
376 4358 442 4410 locis
468 4358 594 4411 Manilius
621 4376 727 4412 carmen
755 4375 883 4428 graecum
910 4358 1072 4411 adhibuerit.
1117 4358 1177 4410 Nun
1205 4354 1256 4407 nisi
1287 4369 1373 4420 pauca

254 4445 376 4501 addenda
394 4454 464 4500 stult.
