3282 5102
273 449 319 515 52

268 650 409 733 imagine
439 651 567 715 dixerit.
599 688 637 696 -
671 650 821 714 Ceterum
850 650 909 714 sub
942 648 1037 713 finem
1070 647 1219 730 Hyginus
1252 646 1390 711 eandem

268 755 411 821 fabulam
449 759 489 821 ah
528 757 600 822 aliis
640 758 681 821 ad
716 757 838 821 Ledam
874 755 991 820 referri
1028 754 1142 820 tradit.
1203 754 1250 818 ef.
1286 754 1389 818 schol.

268 863 361 928 Arat.
386 885 416 930 v.
443 869 516 928 275.

355 970 475 1050 Aquila
489 970 577 1036 Iouis
596 970 666 1034 ales
685 975 736 1034 est
749 969 850 1053 (Man.
868 974 929 1033 343
943 997 983 1022 --
995 973 1114 1034 catast.
1131 968 1213 1032 Roh.
1229 987 1260 1048 p.
1279 973 1341 1031 156
1358 967 1390 1031 A

266 1078 287 1141 l.
326 1083 344 1142 5
385 1077 480 1161 squ).
543 1077 588 1141 Ut
629 1083 747 1157 poetae
788 1075 937 1158 Romani,
980 1074 1132 1139 Manilius
1174 1094 1205 1140 v.
1247 1078 1310 1137 344
1352 1078 1390 1138 61

266 1183 478 1249 Germanicus
516 1203 547 1249 u.
583 1190 646 1247 316
675 1202 722 1263 sq.
755 1182 951 1248 addiderunt
982 1181 1117 1247 fulmina
1150 1201 1221 1245 eam
1254 1184 1390 1263 gestare

266 1290 336 1357 sive
360 1290 448 1356 Iouis
473 1288 668 1371 armigerum
692 1308 774 1354 esse.

355 1395 536 1477 Delphinus
565 1400 599 1459 et
631 1396 664 1460 in
693 1395 822 1461 Oceano
852 1400 886 1461 et
913 1395 946 1460 in
977 1396 1068 1460 caelo
1092 1413 1186 1459 sacer
1209 1399 1260 1459 est
1284 1392 1388 1477 (Man.

267 1509 331 1569 347
343 1507 516 1567 :catast
539 1502 621 1566 Rob.
646 1522 677 1583 p.
706 1509 767 1567 153
790 1503 811 1566 l.
839 1507 880 1567 14
903 1500 998 1581 6661.

353 1611 494 1673 Perseus
523 1608 684 1690 Gorgonis
708 1614 807 1690 capnt
830 1607 970 1673 sustinet
994 1608 1051 1691 (M.
1077 1606 1304 1673 311οε661161.
1328 1606 1388 1672 Ar.

265 1736 296 1781 v.
323 1715 412 1800 auo).

354 1823 541 1887 Heniochus
583 1823 704 1903 primus
750 1841 877 1886 currum
924 1818 1097 1901 qurattuor¹
1144 1820 1235 1900 equis
1280 1819 1390 1886 iunxit
1466 1835 1471 1842 ·

269 1929 327 2014 (M.
354 1935 416 1993 363
442 1929 630 2009 sq.=Roh.
650 1948 682 2010 p.
708 1936 748 1994 68
772 1931 793 1993 1.
820 1935 858 1993 12
884 1927 978 2012 squ).

355 2035 521 2117 Capellam
554 2035 702 2116 Iuppiter
737 2036 951 2100 immortalem
968 2034 1127 2100 reddidit
1152 2040 1187 2099 et
1220 2035 1253 2098 in
1287 2034 1389 2099 astris

265 2142 373 2223 posuit
403 2142 460 2226 (M.
493 2147 732 2207 369--661661
764 2163 794 2223 p.
832 2148 903 2207 102.
956 2141 1061 2206 Schol.
1093 2140 1201 2206 Germ.
1230 2142 1267 2206 Β.
1298 2143 1335 2207 P.
1364 2143 1388 2205 1.

268 2255 309 2314 24
333 2250 406 2332 sn).

356 2354 484 2420 Orionis
499 2355 596 2420 situm
612 2355 799 2421 describens
814 2355 967 2420 Manilius
988 2355 1082 2421 Arati
1096 2357 1197 2421 verha
1213 2357 1388 2422 emendare

267 2461 330 2527 sibi
353 2462 496 2529 videtur:

267 2570 305 2632 A.
332 2574 394 2633 322
429 2566 536 2640 Λοξὸς
569 2568 630 2649 μὲν
666 2569 800 2651 Ταύροιο
855 2570 899 2634 Μ.
948 2576 1009 2636 387
1058 2570 1199 2635 Cernere
1246 2570 1389 2636 Vicinum

354 2683 448 2758 τομῆι
471 2676 673 2737 ὑποκέκλιται
696 2677 790 2746 αὐτός
945 2675 1090 2743 Geminis
1113 2676 1192 2742 lieet
1215 2676 1345 2742 Oriona.

264 2782 390 2865 Ὠρίων.

356 2889 404 2954 Cf.
429 2889 528 2954 schol.
552 2890 637 2953 Arai
660 2908 691 2954 v.
717 2894 797 2955 322:
828 2892 998 2972 ,μέμφοιτο
1024 2891 1051 2953 δ’
1072 2894 1112 2955 ἄν
1134 2916 1179 2962 τις
1198 2893 1319 2974 Ἀράτῳ
1343 2895 1391 2963 ὡς

265 2997 310 3079 μὴ
344 2998 486 3079 ἀκριβῶς
514 2997 701 3077 προσέχοντι
732 3004 768 3078 τῇ
794 2996 948 3078 Ὠρίωνος
977 2999 1138 3061 111116ωού
1169 2999 1230 3081 γὰρ
1261 2999 1324 3062 ὑπὸ
1354 3000 1390 3063 τὸ

267 3104 466 3185 ὄιχοτόμημα
478 3109 535 3165 τοῦ
551 3102 676 3184 Ίαύροα
691 3104 778 3175 ἐστίν,
792 3103 856 3165 ἀλλ’
871 3106 911 3166 ἔτι
920 3112 974 3167 τοῦ
988 3104 1112 3186 Ταύρου
1125 3107 1391 3188 ἀνατολικώτερός

267 3213 356 3273 ἔστιν.
402 3209 452 3293 ἆρ’
479 3209 536 3274 οὗν
560 3212 593 3273 ἐν
613 3217 689 3273 πᾶσι
708 3210 762 3292 τὴν
781 3212 941 3293 ἀκρίβειαν
960 3212 1180 3293 ἐνδειξάμενος
1199 3213 1278 3275 κατὰ
1297 3220 1390 3277 τοῦτο

266 3318 367 3398 μόνον
398 3318 519 3399 ἐσφάλη
527 3342 537 3393 ;
569 3318 732 3398 οὐδαμῶς,
765 3318 841 3379 ἀλλὰ
874 3318 1004 3400 λέγομεν
1034 3320 1078 3380 ὅτι
1108 3325 1165 3381 νῦν
1187 3319 1288 3402 τομὴν
1311 3321 1392 3401 λέγει

268 3422 324 3504 τὴν
348 3425 550 3507 περιγραφὴν
573 3425 627 3486 καὶ
649 3424 684 3487 τὸ
709 3424 996 3506 ὃιαμεμετρημένον
1014 3426 1143 3507 χωρίον,
1168 3427 1223 3507 ’ὑφ’
1244 3428 1262 3488 ὃ
1280 3430 1408 3509 induci·

268 3531 348 3592 ἐστιν
384 3531 402 3592 ὁ
434 3530 572 3611 Ὠρίων]
635 3530 707 3595 Non
748 3530 870 3612 dubito,
905 3531 981 3610 quin
1018 3531 1172 3596 Manilius
1205 3532 1392 3600 cavillatori

271 3654 422 3699 assensus
443 3635 497 3717 sit,
517 3637 697 3716 captiosam
717 3635 784 3702 eius
804 3636 1110 3718 interpretationem
1130 3639 1219 3718 sequi
1239 3640 1391 3723 noluerit,
1501 3667 1502 3670 ¹

269 3747 445 3823 propterea
479 3741 609 3806 Orionis
642 3742 768 3825 signum
801 3745 843 3808 ad
876 3744 1040 3817 Geminos,
1075 3764 1138 3809 non
1174 3747 1215 3811 ad
1249 3748 1392 3813 Taurum

362 3971 370 3999 ¹
390 3969 542 4024 Germanici
560 3988 586 4025 v.
607 3974 657 4026 118
677 3990 715 4040 sq.
735 3974 773 4028 sio
791 3974 870 4043 lego:

696 4063 751 4129 ,qui
769 4062 870 4130 primns
889 4062 1018 4132 subiuga
1038 4063 1116 4116 duxit

538 4149 724 4219 Quadriiugos

273 4237 450 4305 quadripedes
477 4240 508 4292 Β.
536 4240 576 4304 Ρ.,
605 4240 791 4306 quiadrupedes
818 4238 923 4306 reliqui.
969 4241 1021 4293 Sed
1049 4240 1106 4293 cod.
1135 4240 1251 4308 optimus
1277 4242 1317 4306 Β.,
1347 4244 1393 4308 qui

272 4326 435 4379 Baehreusio
455 4333 565 4380 auctore
580 4331 662 4394 (poet.
677 4328 725 4379 161.
740 4329 802 4381 min.
817 4329 838 4397 Ι,
856 4331 917 4396 143)
933 4329 1034 4382 veteris
1053 4329 1262 4398 orthographiae
1277 4331 1395 4400 vestigia

272 4415 358 4468 multa
385 4417 511 4481 servavit,
538 4431 630 4469 vocem
649 4415 723 4468 illam
749 4417 922 4484 depravatam
949 4434 1007 4471 esse
1032 4417 1146 4471 inclinat:
1173 4418 1255 4471 1161161
1272 4418 1394 4475 1111616111

274 4508 308 4571 ’p‘
327 4508 442 4558 11161162
462 4522 494 4558 ex
513 4509 542 4570 ,t‘
562 4509 718 4557 correctam.
