3282 5102
317 475 366 542 26

314 683 429 744 auctor
465 698 535 744 curn
567 677 756 760 philosopho
793 679 926 759 habeat,
959 678 1105 743 ZeHerus
1137 676 1273 761 (Philus,
1296 677 1356 758 III,
1384 673 1441 760 1⁸,

314 805 345 867 p.
383 792 444 850 647
481 785 548 868 an.)
591 785 642 850 his
683 785 793 852 verbis
838 784 1001 851 enuntiat:
1050 786 1116 871 „Es
1154 784 1199 850 ist
1234 783 1295 849 mir
1331 784 1442 849 daher

315 891 594 974 wahrscheinlich‚
630 892 707 958 dass
740 912 775 957 es
807 891 950 957 dieselbe
983 891 1107 957 Schrift
1140 892 1197 956 des
1229 890 1439 974 Posidonius,

315 998 403 1065 scine
430 1000 682 1083 μετεισρολογικὴ
712 1001 910 1082 σιοιχείωσις,
939 998 994 1080 ist,
1020 1018 1079 1064 aus
1109 999 1209 1063 deren
1238 1002 1346 1063 ersten
1370 998 1441 1063 Ab·

314 1106 478 1172 schnitten
512 1106 652 1171 Stobeus
690 1105 735 1190 (d.
769 1106 800 1170 h.
835 1105 932 1171 Arius
964 1103 1137 1189 Didymus)
1169 1104 1264 1170 einen
1300 1105 1441 1188 Auszug

313 1213 413 1296 giebt,
449 1214 514 1279 und
549 1214 672 1278 welche
708 1213 766 1277 der
797 1212 972 1277 Veriasser
1006 1213 1064 1277 des
1099 1213 1207 1277 Buchs
1240 1237 1273 1276 ιι.
1304 1213 1437 1294 κόσμου

313 1320 416 1385 ihrern
454 1339 581 1402 gancen
618 1319 760 1401 Unifang
798 1321 882 1384 nach
921 1321 1058 1384 beniitzt
1094 1321 1168 1402 hat;
1206 1318 1239 1383 in
1277 1318 1436 1385 welchem

313 1427 408 1492 Fullo
444 1427 531 1491 dann
564 1426 693 1491 treiiich
727 1446 791 1492 von
826 1426 921 1491 alieni
958 1426 1030 1491 dern
1063 1426 1203 1508 Wissen,
1237 1425 1297 1490 das
1330 1445 1365 1490 er
1399 1425 1438 1491 in

313 1554 340 1598 c.
367 1539 453 1599 2-4
477 1535 654 1616 auskrarnt,
687 1532 778 1598 nicht
800 1533 867 1601 viel
900 1532 958 1598 auf
988 1532 1077 1599 scine
1110 1533 1225 1616 eigene
1252 1533 1438 1615 Reohnnng

312 1661 353 1706 zu
377 1645 489 1706 setzen
513 1640 583 1706 sein
606 1640 718 1706 wird.“

402 1747 568 1813 Posidonii
610 1747 668 1812 illa
707 1749 960 1832 μετεωρολογικὴ
998 1750 1185 1832 στοιχείωσις
1225 1767 1246 1813 a
1285 1747 1437 1830 Diogene

314 1856 438 1921 dnobus
461 1855 541 1921 locis
563 1855 726 1920 laudatur.

403 1964 475 2043 VII,
502 1969 578 2028 138:
604 1963 668 2043 ,uui
691 1964 753 2026 ἔστι
776 1964 897 2044 κόσμος
921 2012 928 2026 .
955 2014 961 2028 .
988 2014 994 2027 .
1027 1965 1088 2040 (ὥς
1112 1987 1190 2045 φησι
1214 1962 1437 2033 Ποσειδώνιος

314 2073 348 2132 ἓν
379 2078 417 2153 τῇ
447 2070 702 2152 μετεωρολογικῇ
735 2070 934 2153 στοιχειώσει)
968 2071 1108 2153 σύστημα
1140 2072 1174 2144 ἒξ
1204 2072 1346 2151 ούρανοῦ
1378 2071 1435 2133 καὶ

315 2184 371 2258 γῆς
402 2177 454 2239 καὶ
485 2183 548 2240 τών
581 2178 614 2240 ἕν
645 2178 766 2247 τούτοις
798 2178 930 2259 φύσεων
946 2181 987 2259 ἢ
1021 2178 1162 2259 σύστημα
1195 2178 1230 2239 ἐκ
1263 2178 1351 2239 ύεών
1379 2178 1435 2239 καὶ

315 2284 504 2364 ἀνθρώπων
543 2284 597 2347 τισὶ
637 2290 701 2347 τῶν
742 2286 834 2347 ἕνεκα
871 2286 992 2348 τούτων
1034 2285 1227 2366 νεγονότωνὲ
1288 2283 1431 2348 Easdem

316 2388 520 2454 definitiones
558 2389 739 2456 invenimus
781 2390 868 2472 apud
904 2390 1062 2455 Achillen]
1102 2410 1173 2471 cap.
1214 2396 1232 2454 5
1272 2397 1306 2455 et
1341 2389 1432 2456 Stob.

315 2497 373 2561 ecl.
398 2497 424 2578 Ι,
451 2498 601 2579 184111,
627 2496 666 2561 de
692 2516 752 2577 quo
776 2497 846 2563 inco
871 2516 971 2579 supra
995 2497 1062 2562 dixi
1086 2518 1116 2579 p.
1145 2503 1185 2562 14
1208 2517 1254 2577 sq.

404 2604 477 2686 VH,
505 2610 566 2670 152
598 2604 751 2670 discimus
779 2603 875 2685 idem,
900 2606 985 2684 qnod
1014 2605 1188 2670 secundum
1211 2604 1433 2669 Alexandrum

315 2711 602 2792 Aphrodisiensem
621 2711 776 2777 Geminus
800 2716 965 2777 statuerat
987 2714 1136 2795 ,ἔμφασιν
1158 2712 1233 2775 εἶναι
1255 2713 1311 2795 τὴν
1334 2709 1430 2794 ἷρινη.

404 2820 553 2899 Apparet
594 2824 763 2898 litiumque
810 2820 912 2883 locum
959 2839 1029 2884 oum
1077 2819 1119 2884 ad
1163 2820 1433 2901 μετεωρολογικὴν

314 2927 516 3008 στοιχείωσιν,
548 2931 615 2990 tum
643 2926 685 2990 ad
713 2945 793 3007 opus
820 2927 892 3007 περὶ
914 2928 1090 3008 μετεώρων
1118 2926 1325 2991 referendum
1348 2945 1431 2990 esse.

313 3034 366 3097 Ex
389 3032 445 3096 illo
469 3033 550 3097 libro
575 3054 615 3097 ea
644 3053 768 3113 qrroqne
798 3032 986 3114 provenisse
1010 3030 1153 3099 Banius2
1176 3033 1324 3114 coniecit,
1349 3053 1433 3112 quae

313 3139 545 3221 Diog.Lae1·t.
571 3140 644 3221 VH,
672 3145 743 3221 154,
777 3141 845 3206 ioco
869 3160 1002 3222 prorsus
1033 3142 1224 3224 depravato,
1259 3142 1298 3206 de
1322 3145 1433 3207 terrae

313 3251 402 3311 motu
431 3246 520 3329 dicit,
546 3266 639 3327 quern
664 3246 756 3312 venti
784 3247 817 3312 in
847 3255 936 3312 terra
959 3248 1075 3313 inclusi
1100 3247 1276 3313 efficerent.
1324 3246 1431 3332 (codd.

313 3355 403 3418 καθὰ
434 3354 651 3424 Ποσειδώνιός
682 3379 760 3438 φησι
792 3357 824 3419 ἒν
855 3364 892 3440 τῇ
916 3358 952 3439 ή;
981 3353 1119 3420 Bakius:
1148 3356 1182 3418 ἒν
1209 3364 1246 3439 τῇ
1273 3380 1431 3438 μετεωρο-

312 3462 449 3545 λογικῇ).
493 3462 637 3527 Achilles
662 3462 702 3527 de
727 3463 788 3528 hac
811 3482 846 3528 re
872 3462 950 3526 nihil
974 3463 1083 3526 habet.
1132 3462 1197 3527 Sed
1220 3482 1283 3527 non
1308 3461 1431 3544 dubito,

314 3568 390 3648 quin
426 3568 621 3634 Posidonius
656 3589 695 3634 ea
732 3569 808 3635 libri
843 3570 915 3650 περὶ
949 3571 1121 3651 μετεώρων
1157 3575 1263 3651 parte,
1302 3589 1366 3649 qna
1398 3574 1433 3634 et

313 3675 440 3755 reliqua
477 3676 632 3742 rnetarsia
664 3682 698 3742 et
730 3681 846 3744 ventos
880 3678 1058 3756 tractabat,
1093 3681 1202 3741 terrae
1234 3684 1339 3742 rnotus
1370 3698 1433 3742 non

314 3779 487 3847 amiserae.

404 3888 495 3971 Quae
519 3910 587 3955 cunr
617 3891 665 3956 ita
696 3890 771 3972 sint,
797 3908 898 3970 prope
923 3888 1081 3955 credimus
1104 3909 1199 3954 unum
1225 3900 1324 3970 atque
1346 3890 1431 3955 idem

313 3995 481 4061 Posidonii
504 4016 583 4079 opus
607 3999 729 4063 duobus
752 3995 1017 4077 inscriptionibus
1040 3997 1207 4062 laudatum
1232 4017 1313 4064 esse.
1347 3997 1432 4080 Quid
