3282 5102
308 473 355 540 14

394 679 538 745 Achilles
571 698 696 760 quoque
729 699 800 761 cap.
835 685 852 744 3
891 678 1007 761 refert,
1046 678 1123 758 quid
1159 677 1343 759 philosophi
1381 678 1422 742 de

306 786 417 852 mundi
464 786 588 869 origine
633 784 860 851 iudicaverint.
921 786 1030 872 Atque
1075 785 1228 865 Zenonis
1276 784 1421 867 Epicuri,

306 893 504 976 Aristotelis,
529 894 675 959 Socratis
698 892 918 972 Platonisque,
942 892 1150 973 Empedoclis
1174 892 1356 956 sententias
1381 911 1422 956 ex

305 1001 476 1066 Plutarchi
507 1000 674 1082 personati
705 998 905 1063 Placitorum
940 999 1080 1080 epitome
1117 998 1241 1079 hausit,
1273 997 1422 1063 Thaletis

307 1107 569 1190 Pherecydisque
609 1106 744 1172 Hesiodi
785 1105 947 1170 Heracliti
990 1105 1157 1187 opiniones
1196 1104 1338 1170 sortasse
1381 1124 1422 1169 ex

306 1215 430 1280 Eudori
464 1213 564 1304 lihro
585 1211 741 1278 addidit¹.
798 1211 929 1276 Ordinis
961 1212 1121 1277 rationem
1153 1231 1216 1277 non
1249 1211 1420 1294 perspicio.

306 1322 451 1387 Achilles
487 1340 591 1400 neque
629 1320 805 1386 secundum
843 1325 987 1385 aetatem
1029 1320 1173 1403 singulos
1214 1320 1423 1402 philosophos

307 1433 487 1509 enumerat,
511 1427 596 1506 quod
622 1428 819 1493 Plutarchus
850 1432 1044 1509 personatus
1073 1427 1163 1510 feeit,
1188 1446 1293 1507 neque
1317 1427 1424 1509 singu·

306 1536 409 1601 lorum
450 1534 643 1618 placitorum
688 1535 869 1600 sententias
914 1534 999 1600 sicut
1040 1534 1193 1600 Manilius
1238 1530 1426 1615 respexisse

306 1643 447 1710 Videtur.

396 1748 546 1814 Achillea
569 1747 670 1832 igitur
693 1742 795 1814 series
818 1770 839 1815 a
857 1748 1030 1814 Posidonio
1050 1748 1150 1814 ducta
1173 1768 1237 1813 non
1257 1754 1318 1830 est,
1338 1747 1423 1812 unde

307 1854 488 1920 Maniliana
517 1856 715 1937 provenerit,
747 1856 852 1921 adhuc
879 1855 1049 1920 nescimus
1103 1855 1168 1920 Sed
1199 1855 1227 1919 si
1258 1874 1307 1935 ca,
1340 1873 1423 1934 quae

309 1968 473 2043 secuntur,
505 1963 695 2044 philosopho
730 1962 874 2028 tribuere
907 1956 1089 2044 possumus,
1124 1961 1164 2025 de
1195 1961 1246 2027 his
1276 1960 1424 2027 versibus

308 2090 372 2135 non
409 2069 638 2135 dubitabimus.
700 2069 836 2135 Constat
871 2088 992 2134 morem
1027 2067 1195 2133 Posidonii
1230 2067 1340 2149 fuisse,
1376 2071 1422 2147 ut,

310 2182 482 2257 antequam
526 2195 585 2241 sua
630 2175 807 2257 proferret,
849 2180 996 2241 Veterum
1043 2175 1224 2240 sententias
1270 2175 1424 2238 collectas

309 2279 541 2349 enumeraret2.

505 2486 534 2545 3.
585 2479 678 2559 Περὶ
700 2486 763 2562 τῆς
787 2480 999 2548 συστάσεως
1022 2484 1095 2542 τῶν
1118 2478 1228 2543 ὅλων.

545 2586 646 2669 (Man.
663 2586 689 2665 Ι,
712 2590 893 2666 147-167,
914 2585 1031 2649 Achill.
1052 2605 1122 2666 cap.
1142 2584 1188 2669 4.)

397 2710 551 2776 Manilius
575 2729 625 2792 ea,
646 2729 729 2789 qliae
749 2709 851 2775 Stoici
875 2710 915 2774 de
939 2709 1051 2775 ordine
1067 2717 1101 2775 et
1120 2709 1251 2775 sedibus
1270 2715 1424 2790 quattuor

309 2819 539 2883 clementorum
565 2816 751 2898 docuerunt,
777 2816 950 2882 secundum
968 2817 1178 2881 Posidonium
1200 2817 1314 2882 tradit.
1348 2817 1424 2882 Con-

307 2924 444 2990 ferenda
458 2928 543 3005 sunt,‘
559 2942 641 3002 qliae
657 2922 755 2987 Arius
774 2942 813 2988 ex
833 2923 940 3003 aliquo
957 2923 1139 3005 philosophi
1158 2923 1240 2989 lihro
1261 2923 1425 3006 excerpsit

308 3031 413 3116 (St0b.
438 3032 497 3096 ecl.
513 3032 539 3110 I,
563 3035 623 3094 185
644 3026 746 3113 W.)³:
772 3030 844 3112 ,Τὸν
867 3031 926 3113 μὲν
950 3031 1008 3095 οὖν
1032 3031 1110 3095 κατὰ
1134 3031 1190 3113 τὴν
1215 3032 1424 3114 διακόσμησιν

307 3140 476 3220 λεγόμενον
506 3138 629 3219 κόσμον
658 3139 700 3207 είς
725 3138 840 3208 ταύτας
864 3138 1080 3220 διακεκρίσθαι
1106 3138 1160 3208 τάς
1183 3139 1292 3220 φύσεις
1309 3159 1315 3171 ·
1330 3138 1365 3200 τδ
1390 3138 1424 3201 δὲ

307 3245 557 3328 περιφερόμενον
585 3246 672 3326 αὐτῷ
699 3245 873 3325 ἐγκυκλίως
900 3247 1014 3327 αίθέρα
1038 3245 1116 3308 εἶναι
1140 3243 1197 3327 (=
1220 3264 1250 3310 V.
1278 3244 1365 3329 149),
1390 3245 1424 3307 έν

308 3350 337 3433 ᾦ
359 3352 396 3415 cd
420 3353 520 3434 ἄστρα
544 3352 732 3434 καθίδρυται
749 3350 804 3436 (=
824 3370 855 3417 V.
878 3350 954 3435 150)
977 3401 983 3415 .
1004 3401 1010 3414 .
1030 3350 1129 3414 ,Ὑπὸ
1154 3351 1189 3414 δὲ
1212 3351 1268 3434 τὴν
1291 3353 1424 3433 σελήνην

307 3458 363 3541 τὴν
393 3465 448 3521 τοῦ
480 3459 532 3521 ἀπ’
563 3461 657 3522 αὐτοῦ
688 3460 870 3542 φερομένου
899 3459 995 3541 ἀέρος
1022 3455 1078 3541 (=
1103 3477 1133 3523 V.
1162 3455 1249 3540 152),
1280 3458 1343 3520 εἶτα
1370 3457 1425 3539 τὴν

307 3564 398 3647 [τοῦ]
440 3566 556 3635 ὕδατος
597 3564 653 3648 (Ξ
691 3585 721 3631 V.
763 3569 849 3650 155),
887 3566 1061 3628 τελευταίαν
1101 3564 1135 3627 δὲ
1177 3564 1232 3647 τὴν
1272 3572 1327 3647 τῆς
1368 3570 1424 3646 γῆς

311 3671 368 3756 (=
392 3691 423 3737 V.
451 3669 526 3754 159)
554 3672 625 3753 περὶ
648 3672 681 3735 τὸ
711 3674 812 3753 μέσον
841 3679 974 3754 σημεῖον
1002 3677 1056 3733 τοῦ
1080 3671 1206 3753 κόσμου
1229 3674 1382 3754 κειμένης,
1407 3673 1425 3732 ὃ

309 3780 347 3862 δι)
372 3786 427 3842 τοῦ
451 3779 569 3849 παντός
593 3780 655 3842 ε’στι
679 3780 767 3843 κάτω
793 3778 849 3864 (=
869 3797 899 3844 V.
922 3777 1009 3862 157).
1035 3814 1077 3822 -
1102 3777 1147 3860 (p.
1170 3783 1233 3841 184
1254 3778 1334 3862 W.):
1362 3777 1424 3858 Τῆς

309 3886 369 3969 γάρ
393 3893 449 3969 γῆς
471 3887 586 3968 ἐξοχάς
608 3910 691 3956 τινας
715 3887 851 3969 ε’χοιίσης
873 3886 1067 3967 ἀνωμάλους
1091 3884 1141 3947 διά
1165 3891 1220 3948 τοῦ
1244 3885 1359 3954 ὕδατος
1382 3885 1424 3952 είς

308 3995 394 4075 dolor
417 3993 610 4075 ἀνηκούοας,
629 3994 743 4064 ταύτας
768 3994 807 4075 δι)
832 3993 949 4074 νήσους
971 3992 1156 4055 καλεῖσθαι·
1175 3993 1298 4055 τούτων
1316 3992 1350 4054 δὲ
1369 3990 1424 4059 τὰς

309 4100 359 4163 ε’πλ
389 4101 496 4163 πλεῖον
524 4101 697 4183 διηκούσας
724 4102 875 4183 ἠπείρους
901 4099 1181 4182 προσηγορεῦσθαι
1210 4098 1264 4160 ἀπ’
1297 4098 1424 4180 ἀγνοίας

308 4218 580 4312 *ῖ11ἰο-Ιε-ἀοε.
598 4275 624 4326 p.
643 4260 685 4311 22.

396 4347 500 4401 ²Dicls
517 4348 568 4401 Rh.
588 4347 655 4400 Mus.
675 4346 799 4410 XXXIV,
819 4363 844 4413 p.
863 4347 924 4398 489.

397 4435 408 4465 ³
426 4436 501 4489 Diels
519 4437 578 4489 dox.
598 4452 624 4502 p.
643 4438 685 4487 77.
