3282 5102
1312 499 1359 566 55

330 704 484 768 Eudoxos
501 704 584 768 lraec
602 710 724 785 puncta
743 704 775 768 in
795 703 909 769 mediis
928 703 1061 783 Arietis,
1082 704 1213 784 Librae,
1234 704 1360 787 Caneri,

242 810 431 892 Capricorni
461 811 610 891 partibus
640 816 809 892 posuerat;
839 811 878 875 cf.
911 809 1091 892 Hipparchi
1126 811 1198 875 Τῶν
1224 811 1359 894 Ἀράτοο

240 918 295 981 καί
316 918 466 991 Εὐδόξου
486 920 691 1000 φαινομένων
709 919 889 1000 ἐξηγήσεων
908 917 928 982 l.
943 917 985 998 II,
1007 925 1024 982 3
1046 918 1174 1000 (petav.
1194 916 1359 1003 Uranol.):

239 1026 268 1097 ,ὁ
293 1025 328 1088 δὲ
347 1025 493 1098 Εὔδοξος
516 1027 602 1089 οὕτω
628 1026 778 1108 διῄρηται,
802 1025 884 1087 ὥστε
906 1024 943 1087 τὰ
967 1027 1115 1107 εἰρημένα
1141 1032 1253 1108 σημεῖα
1276 1028 1359 1108 μέσα

240 1132 316 1195 εἰναι
331 1152 337 1165 ·
351 1134 387 1195 τὰ
410 1134 471 1215 μὲν
489 1139 545 1196 τοῦ
564 1135 719 1214 καρκίνον
738 1133 791 1195 καὶ
809 1138 863 1195 τοῦ
883 1132 1041 1213 αἰγόκερω
1057 1152 1064 1166 ·
1080 1132 1117 1194 τὰ
1137 1132 1172 1195 δὲ
1189 1138 1243 1195 τοῦ
1266 1140 1358 1215 κριοῦ

239 1241 378 1303 καὶτῶν
407 1241 538 1323 χηλῶνὲ
583 1239 705 1303 Gorrtra
732 1238 940 1321 Hipparchus
963 1244 1085 1319 puncta
1114 1238 1172 1302 ilia
1194 1238 1358 1321 signorum

239 1344 336 1409 initia
359 1365 429 1411 esse
453 1346 557 1411 uoluit
581 1346 604 1427 I,
627 1353 682 1410 27:
719 1345 777 1430 ,(Si
805 1345 837 1410 in
857 1344 977 1410 Leonis
1001 1346 1261 1411 dodecatemorio
1284 1352 1360 1412 sunt

239 1451 340 1531 pedes
376 1452 480 1517 Ursae
519 1452 662 1533 maioris,
705 1472 799 1532 quarn
836 1452 975 1517 mediam
1018 1455 1126 1517 coluro
1164 1453 1358 1535 tropicarum

242 1557 342 1623 dividi
367 1559 520 1624 Eudoxos
543 1559 627 1625 salso
652 1559 776 1644 decutit)
799 1565 871 1630 πῶς
890 1559 948 1622 οὗν
968 1559 1102 1623 δυνατὸν
1124 1560 1160 1624 τὸ
1183 1562 1282 1642 μέσον
1304 1570 1359 1645 τῆς

239 1666 355 1747 ἄρκιον
371 1668 405 1730 ἒν
419 1675 456 1750 ’τῇ
471 1669 556 1750 ἀρχῇ
571 1674 628 1730 τοῦ
642 1669 795 1749 καρκίνον
812 1668 954 1742 κεῖσθαί·
971 1665 1030 1752 (Sc.
1046 1687 1104 1748 per
1121 1687 1215 1746 quam
1231 1669 1358 1735 colurus

237 1771 364 1858 currit).
424 1774 577 1838 Eudoxos
615 1780 768 1838 accurate
810 1772 993 1855 definierat,
1036 1794 1119 1853 quae
1160 1774 1356 1857 singulorum

236 1878 399 1960 signorum
427 1886 539 1961 partes
568 1881 686 1945 coluris
714 1884 912 1945 secarentur.
965 1880 1172 1962 Hipparchus
1200 1902 1269 1947 cum
1299 1884 1357 1947 hos

236 1986 372 2053 circulos
405 1987 491 2069 signi
524 1988 656 2053 dimidio
689 1988 758 2054 sive
791 1986 971 2067 quindecim
1003 1987 1153 2068 partibus
1180 1990 1284 2071 magis
1315 1992 1357 2055 ad

235 2093 434 2158 occidentem
481 2113 594 2162 versus
641 2114 772 2160 currere
818 2099 990 2175 statueret,
1043 2093 1188 2177 singulas
1234 2097 1357 2163 ueteris

234 2200 456 2265 mathematici
480 2201 625 2267 rationes
653 2202 756 2266 falsas
785 2220 856 2266 esse
886 2202 1142 2267 demonstrabat.
1190 2203 1286 2268 Graius
1309 2203 1357 2268 rei

234 2326 328 2371 unum
358 2308 538 2389 exemplum
570 2308 714 2373 afferam.
761 2308 860 2390 Hipp.
888 2309 914 2389 I,
946 2315 1002 2373 29:
1033 2310 1094 2382 ,Ἑν
1125 2311 1159 2373 δὲ
1187 2321 1234 2393 τῷ
1260 2313 1357 2394 ἑτέρῳ

231 2415 383 2497 κολούρῳ
406 2416 483 2497 φησί
506 2417 630 2478 κεῖσθαι
660 2417 679 2478 ὁ
708 2417 769 2498 μὲν
803 2415 862 2498 (sc.
897 2415 1064 2499 Eudoxos)
1102 2417 1157 2499 την
1191 2419 1357 2500 ἀριστερὰν

231 2528 320 2605 χεῖρα
358 2527 414 2584 τοῦ
453 2522 713 2604 ἀρκτοηνύλακοςί
779 2522 870 2605 Quod
911 2522 1007 2603 paulo
1055 2520 1142 2587 infra
1178 2523 1355 2589 refellitur:

233 2627 285 2699 ,Ἠ
310 2628 371 2709 μὲν
404 2627 463 2691 οὗν
495 2629 642 2711 ἀριστερὰ
678 2630 744 2712 χείρ
776 2637 833 2693 τοῦ
866 2630 1124 2717 Ἃρκιοφύλακος
1157 2633 1356 2695 ὑπολείπεται

231 2741 286 2797 τοῦ
310 2737 478 2817 εἰρημένον
506 2737 628 2800 κύκλον
657 2737 704 2806 ὡς
730 2739 826 2819 ἥμισυ
854 2738 952 2819 μέρος
979 2738 1098 2810 ζωόίον
1113 2758 1120 2770 ·
1135 2738 1187 2801 καί
1215 2739 1275 2801 οὐκ
1305 2740 1355 2801 ἐπ’

233 2843 328 2904 αὐτοῦ
356 2844 481 2924 φέρεται
509 2850 565 2906 τοῦ
595 2843 646 2906 διὰ
673 2849 738 2906 τῶν
766 2845 958 2926 ἰσημερινῶν
989 2845 1130 2926 σημείων
1153 2846 1283 2918 κύκλον,
1308 2847 1355 2915 ὡς

134 3008 137 3011 ,
233 2947 377 3020 Εὔδοξός
405 2974 491 3032 φησι.
538 2951 556 3012 ὁ
580 2950 640 3030 γὰρ
670 2950 848 3032 ἡγούμενος
877 2956 941 3013 τῶν
965 2952 997 3013 ἕν
1020 2952 1098 3033 αὐτῇ
1122 2952 1225 3033 ἐσέχει
1248 2953 1355 3034 χηίῶν

232 3054 341 3118 πλεῖον
371 3059 391 3138 ἢ
427 3081 493 3139 μοι.
534 3058 592 3136 ιγ’]
651 3056 903 3138 Arctophylacis
940 3058 1038 3123 laeva
1074 3076 1187 3122 manus
1228 3057 1355 3123 obtinet

232 3161 363 3226 tertiam
400 3163 556 3228 decimam
587 3168 713 3244 partem
737 3162 869 3242 Librae,
904 3182 962 3243 per
1000 3163 1068 3228 eius
1100 3163 1184 3247 signi
1217 3164 1354 3245 primam

231 3273 357 3347 partem
382 3271 508 3335 colurus
536 3268 812 3350 aeqruinoctiorum
833 3269 943 3350 currit,
962 3271 1209 3350 unumquodque
1227 3271 1354 3353 signum

233 3373 438 3443 dividebatur
461 3377 493 3442 iu
518 3376 656 3460 triginta
679 3381 805 3458 partes:
835 3395 948 3441 manus
976 3375 1078 3458 igitur
1101 3378 1352 3461 Arctophylacis

231 3480 362 3547 circiter
403 3484 534 3548 dimidio
582 3484 666 3567 signi
716 3503 830 3550 versus
872 3483 1028 3548 orientem
1071 3503 1091 3547 a
1133 3484 1253 3549 circulo
1294 3486 1350 3551 ilio

231 3587 386 3655 distabat.

317 3697 525 3779 Hipparchus
545 3696 627 3763 satis
648 3698 791 3763 habebat
813 3698 981 3762 Eudoxum
1006 3697 1196 3780 impugnare
1211 3737 1254 3745 —
1269 3719 1349 3779 quas

229 3802 390 3883 signoruni
411 3810 524 3885 partes
543 3804 613 3885 ipse
633 3804 751 3870 coluris
770 3804 939 3886 tribueret,
958 3824 1020 3868 non
1037 3805 1175 3885 protulit
1230 3805 1349 3871 Omnes

230 3908 298 3971 eius
322 3911 466 3975 rationes
488 3913 571 3976 bene
594 3913 780 3978 intellectas
803 3917 837 3975 et
859 3916 950 3977 recte
974 3910 1139 3976 adhibitas
1168 3912 1348 3980 invenimus

230 4013 314 4089 apud
338 4015 506 4081 Manilium
529 4017 555 4098 I,
581 4025 642 4083 609
668 4040 736 4099 sqq.
784 4019 887 4101 erarn
905 4037 973 4083 rem
994 4037 1055 4083 uno
1078 4020 1225 4100 exemplo
1244 4020 1346 4085 allato

229 4135 396 4198 exponam.
460 4123 614 4187 Eudoxos
655 4126 785 4190 dixerat
827 4125 982 4189 Centauri
1023 4124 1173 4189 dextram
1218 4145 1346 4190 manum

229 4223 336 4289 colnro
369 4228 643 4305 aequinoctiorum
676 4232 791 4297 secari.
851 4232 1058 4313 Hipparchus
1095 4251 1238 4296 errorem
1277 4233 1346 4298 eius

227 4330 363 4397 refellit:
394 4333 422 4405 ,ὁ
451 4334 484 4395 δὲ
512 4336 545 4396 έν
572 4343 608 4417 τῇ
637 4338 722 4419 δεξιᾷ
751 4339 828 4421 χειρὶ
854 4346 911 4401 τοῦ
939 4338 1123 4418 Κενταύρου
1146 4339 1346 4402 ὑπολείπεται

220 4445 282 4501 νοῦ
301 4440 466 4523 εἰρημένον
484 4440 603 4502 κύκλον
622 4444 692 4521 περὶ
712 4445 738 4505 d'
757 4447 857 4526 μέρος
876 4446 1007 4517 ζωόίοιι.
1037 4445 1146 4526 ἐπίχει
1158 4445 1219 4528 γὰρ
1237 4446 1344 4528 χηλῶν
