3282 5102
298 1710 479 1807 Posidonii
506 1740 617 1822 libros
642 1739 696 1821 qui
723 1742 805 1823 ,περὶ
831 1743 1016 1824 μετεώρωνί
1043 1742 1192 1825 inscripti
1220 1750 1326 1824 erant,

210 1847 379 1914 Prisciano
394 1848 486 1930 Lydo
504 1858 637 1912 auctore
652 1846 807 1913 Geminus
822 1846 1015 1929 excerpsit1.
1040 1848 1167 1915 Gemini
1186 1849 1327 1931 epitome

209 1975 229 2019 a
243 1954 454 2036 compilatore
470 1955 608 2035 quodam
624 1958 794 2036 amputata
809 1954 842 2020 in
856 1956 941 2020 hanc
957 1960 1102 2022 aetatem
1116 1953 1326 2038 permansit2,

209 2065 308 2141 atque
328 2079 369 2125 ex
392 2059 433 2126 iis
451 2060 611 2142 partibus
631 2080 714 2140 quae
739 2080 758 2125 a
782 2060 901 2126 ceteris
921 2060 1103 2127 disiunctae
1122 2061 1328 2143 interierunt,

209 2166 393 2249 Simplicius
423 2167 510 2232 haud
541 2170 640 2234 breve
669 2172 769 2249 caput
798 2163 974 2234 servavit³.
1025 2169 1133 2250 Ipsum
1162 2168 1329 2234 Posidonii

209 2294 289 2357 opus
313 2295 333 2340 a
356 2273 504 2358 Diogene
527 2274 661 2340 Laertio
687 2275 809 2341 duobus
832 2274 912 2341 locis
935 2273 1118 2341 laudatur4.

298 2382 391 2446 Haec
413 2380 482 2446 fere
506 2381 546 2447 de
570 2380 662 2447 libris
680 2380 746 2447 illis
764 2380 1024 2464 meteorologicis
1048 2386 1210 2448 constant.
1246 2382 1329 2448 Non-

210 2488 300 2553 nulla
314 2492 489 2570 praeterea
508 2508 561 2555 vu.
582 2489 635 2553 dd.
657 2489 697 2554 de
716 2488 757 2554 iis
777 2488 915 2554 divinati
935 2495 1020 2570 sunt,
1040 2508 1123 2569 quae
1142 2490 1203 2555 hoc
1219 2488 1329 2556 libello

210 2593 349 2675 firmare,
375 2593 584 2677 amplificare,
610 2592 775 2678 corrigere
798 2593 998 2676 propositum
1021 2593 1100 2660 mihi
1124 2599 1184 2660 est.

756 2903 785 2974 Ι.

501 3073 563 3140 De
586 3072 761 3141 Manilio
785 3075 827 3142 et
851 3072 1040 3142 Gemino.

300 3235 442 3302 Dielsius
469 3237 551 3302 Mus.
580 3236 643 3300 er.
671 3236 819 3302 XXXIV
845 3257 876 3319 p.
901 3242 966 3303 490
995 3235 1159 3319 praedicit
1186 3237 1329 3302 laborem

212 3342 298 3407 haud
325 3341 454 3407 inanem
483 3346 707 3423 suscepturum
736 3361 808 3408 esse
838 3362 919 3426 euim,
944 3343 999 3423 qui
1028 3342 1183 3424 inquirat,
1208 3349 1329 3423 quanto

213 3468 309 3530 opere
336 3448 490 3515 Manilius
519 3455 619 3531 podta
645 3449 812 3516 Posidonii
842 3450 1023 3516 doctrinam
1052 3450 1086 3515 in
1114 3468 1206 3516 suum
1238 3469 1328 3516 usum

212 3555 420 3622 converterit.
1063 3609 1065 3617 .

302 3661 479 3728 Enimvero
520 3663 630 3728 multis
669 3663 750 3729 locis
791 3663 943 3729 carminis
984 3662 1208 3745 astronomici,
1245 3665 1330 3744 quod

213 3770 429 3851 composuisse
461 3768 580 3852 lentur,
613 3770 728 3836 eadem
766 3770 884 3853 tradit,
918 3790 1002 3850 quae
1039 3771 1125 3852 apud
1158 3770 1328 3837 Geminum

301 3982 308 4010 ¹
328 3980 414 4046 Blass,
434 3981 467 4034 de
487 3980 598 4034 Gemino
618 3986 645 4035 et
664 3981 815 4048 Posidonio,
835 3981 925 4036 Kiliae
946 3983 1022 4047 1883,
1041 3998 1066 4049 p.
1086 3984 1102 4034 3
1120 3981 1166 4034 fin.

301 4068 397 4123 2Νἱὶιῐ]
423 4069 529 4123 Gemini
555 4071 705 4140 ,Εἰσαγωγὴ
731 4072 767 4130 εἰς
793 4070 823 4123 τὰ
849 4073 1004 4138 φαινόμεναί
1027 4069 1095 4123 nihil
1120 4069 1193 4123 aliud
1213 4074 1255 4123 est
1276 4068 1328 4121 nisi

212 4158 383 4211 Posidoniani
401 4158 464 4212 libri
482 4159 606 4226 epitome,
626 4160 696 4226 quod
714 4160 835 4227 Blassius
854 4158 973 4213 ostendit
990 4159 1008 4212 l.
1027 4159 1044 4211 l.
1063 4176 1089 4225 p.
1108 4161 1132 4212 9.

300 4247 311 4278 ³
327 4248 371 4301 Ad
388 4247 545 4302 Aristotelis
563 4248 680 4316 Physica
697 4265 723 4316 p.
742 4251 803 4316 291,
822 4252 857 4302 34
876 4248 918 4303 ed.
936 4247 1024 4315 Diels3
1043 4264 1068 4302 v.
1087 4248 1165 4301 Blass
1183 4247 1202 4300 l.
1220 4246 1238 4299 l.
1257 4262 1282 4313 p.
1302 4247 1327 4299 3.

299 4337 310 4368 ⁴
330 4337 391 4403 VH,
411 4337 462 4389 135
481 4342 509 4391 et
529 4339 587 4391 144.
615 4338 649 4391 V.
665 4338 746 4403 Bake,
765 4336 903 4391 Posidonii
916 4335 1015 4390 Rhodii
1033 4335 1163 4402 reliquiae
1181 4333 1327 4399 doctrinae,

138 4470 142 4475 .
210 4425 297 4496 Lugd.
314 4427 376 4480 Bat.
397 4427 473 4491 1810,
492 4441 518 4492 p.
536 4428 596 4480 242.
