3282 5102
302 497 348 564 18

296 704 491 785 tellcgebat,
516 701 585 769 sive
610 703 694 782 quod
722 701 907 767 difficiliora
930 700 1080 767 versibus
1106 699 1259 780 persequi
1282 699 1415 763 nolebat

299 847 338 854 -
382 808 578 889 simpliciora
624 808 777 891 tradidit,
821 828 892 874 oum
937 807 1048 889 inepte
1096 805 1304 871 defectum
1350 824 1414 870 non

297 916 470 981 omitteret.
611 978 614 982 Α
1097 966 1099 969 .

383 1023 527 1088 Achilles
561 1023 671 1088 mundi
707 1023 843 1109 figuram
878 1025 1003 1087 tractat
1037 1040 1107 1102 cap.
1141 1027 1170 1085 6.
1226 1019 1414 1085 Manilianis

295 1129 414 1195 similia
437 1148 500 1194 non
525 1129 660 1212 profert,
686 1131 744 1195 sed
767 1149 837 1195 oum
857 1128 1021 1194 Ciceronis
1040 1126 1160 1209 verbis,
1186 1146 1268 1207 quae
1292 1126 1414 1209 pagina

294 1237 441 1317 proxima
460 1237 603 1319 laudavi,
625 1236 736 1303 confer
751 1239 846 1318 haeo;
865 1237 924 1311 ,ἐπ’
942 1236 1072 1306 οὐδενὸς
1087 1236 1121 1299 δὲ
1137 1236 1234 1299 ἄλλον
1253 1237 1414 1318 σχήματος

292 1345 311 1426 ἡ
336 1345 461 1422 τοιαύτη
481 1344 605 1416 εὐταξία
630 1344 684 1407 καὶ
706 1342 867 1426 περιφορὰ
892 1343 1005 1424 γίνεται
1029 1345 1048 1425 ἢ
1074 1342 1125 1405 ἐπὶ
1147 1348 1203 1404 τοῦ
1222 1346 1414 1423 οφωρικοῦέ

649 1546 678 1604 6.
726 1539 827 1622 Περὶ
850 1540 1061 1622 οἰκήσεων.

507 1646 608 1731 (Man.
632 1647 658 1727 I,
684 1651 869 1717 aaa-246,
894 1645 1010 1710 Achill.
1036 1665 1106 1726 cap.
1132 1644 1200 1730 30.)

381 1773 575 1839 Posidonius
612 1777 767 1852 quattuor
808 1791 960 1837 zonarum
1004 1774 1258 1852 temperatorum
1300 1772 1413 1850 partes

292 1880 460 1946 habitatas
485 1899 557 1946 esse
582 1879 730 1961 docebat,
756 1879 892 1961 primam
922 1879 977 1962 τὴν
1001 1879 1078 1942 καθ’
1102 1879 1188 1960 ἡμᾶς
1211 1877 1413 1957 οἰκουμένην,

292 1987 430 2051 alteram
467 1988 524 2070 τὴν
560 1993 625 2050 τῶν
659 1988 845 2068 περιοίκων,
883 1985 1015 2051 tertiam
1053 1984 1109 2067 τὴν
1143 1989 1208 2047 τῶν
1248 1984 1411 2055 ἀντοίκων,

293 2099 444 2172 quartam
476 2094 531 2177 τὴν
563 2100 628 2157 τῶν
661 2090 869 2157 detractabat
924 2092 1078 2156 Manilius
1109 2128 1151 2137 -
1172 2094 1338 2170 'quantum
1372 2107 1413 2153 ex

291 2220 345 2266 vv.
377 2206 552 2266 236-246
586 2200 694 2282 colligi
727 2204 902 2281 potest-
926 2219 989 2264 non
1027 2198 1090 2264 nisi
1124 2198 1206 2262 duas
1243 2196 1411 2279 cognovit:

293 2308 431 2373 alteram
455 2314 610 2389 nostram,
635 2307 774 2372 alteram
797 2306 996 2389 antipodum.
1037 2306 1102 2371 Sed
1125 2305 1153 2370 si
1177 2305 1203 2386 I,
1225 2310 1286 2369 379
1311 2322 1412 2368 zonae

294 2414 449 2479 australis
473 2434 575 2496 regna
599 2418 828 2480 commemorat

460 2520 674 2601 ,Communem
699 2541 739 2586 ex
763 2541 825 2586 uno
849 2520 956 2585 lumen
981 2518 1134 2585 ducentia
1157 2519 1245 2600 sole,‘

292 2647 353 2693 non
381 2626 503 2712 dubito,
529 2626 603 2707 quin
630 2626 758 2692 antoeci
787 2626 1002 2709 intellegendi
1026 2625 1102 2690 sint.
1149 2626 1212 2691 Cur
1235 2628 1334 2706 potita
1357 2623 1412 2689 illo

293 2736 363 2799 loco
392 2734 600 2799 Posidonium
634 2753 725 2799 suum
758 2733 949 2816 deseruerit,
979 2732 1102 2815 nescio;
1136 2732 1194 2797 sed
1226 2731 1337 2797 dubito
1371 2750 1413 2795 an

294 2840 424 2906 aliunde
457 2842 542 2906 hauc
576 2841 756 2906 doctrinam
789 2860 956 2906 arcessere
993 2861 1057 2906 non
1090 2839 1244 2922 potuerit.
1300 2838 1413 2903 Potius

293 2966 420 3027 vereor,
444 2966 485 3012 ne
516 2953 635 3029 potitae
667 2953 724 3013 aut
753 2947 995 3030 neglegentiam
1027 2952 1085 3013 aut
1114 2965 1255 3012 errorem
1285 2945 1413 3011 obicere

295 3054 469 3119 debeamus
493 3092 536 3100 —
559 3053 622 3118 nisi
645 3053 729 3118 forte
753 3073 867 3120 versus
894 3054 942 3119 illi
965 3053 1105 3136 pessime
1130 3052 1304 3135 depravati
1328 3056 1412 3116 sunt.

386 3161 477 3243 Quae
496 3162 640 3227 Achilles
664 3181 735 3244 cap.
758 3169 798 3227 30
821 3168 946 3245 narrat,
972 3162 1041 3228 sine
1067 3161 1161 3227 dubio
1186 3181 1227 3226 ex
1247 3159 1414 3225 Posidonii

294 3268 386 3334 libris
409 3269 582 3351 fluxerunt,
609 3270 666 3334 sed
690 3274 779 3335 totus
801 3270 855 3335 bic
878 3272 967 3335 locus
992 3271 1182 3351 comprobat
1200 3288 1310 3335 verum
1332 3286 1413 3348 esse,

295 3376 380 3455 quod
397 3383 512 3441 auctor
532 3376 642 3441 ultimo
663 3375 772 3458 capite
791 3375 976 3457 insequenti
993 3375 1086 3440 dicit:
1107 3377 1186 3458 ,περὶ
1206 3376 1240 3438 δὲ
1256 3377 1414 3457 οἰκήσεων

294 3482 386 3544 πάλιν
405 3482 459 3545 καὶ
473 3488 537 3545 τῶν
556 3483 766 3546 ἐνοικούντων
785 3480 839 3545 aut
858 3483 1027 3563 ὀνομάτων
1046 3483 1155 3563 γέγονε
1173 3481 1272 3563 πολλὴ
1292 3479 1413 3562 ταραχὴ

295 3588 348 3651 καὶ
371 3589 442 3671 περὶ
466 3589 665 3672 ἄντιχῦόνων
689 3590 743 3652 καὶ
766 3589 963 3653 ἀντιπόδων.ί

321 3792 347 3848 7.
393 3783 495 3866 Περὶ
517 3790 595 3848 τῶν
618 3787 1004 3868 κατηστερισμένων
1029 3784 1191 3857 ζωὸίων
1214 3785 1279 3847 καὶ
1302 3783 1393 3864 περὶ

776 3894 931 3966 ἄξονος

332 3995 434 4080 (Man.
458 3996 483 4079 I,
510 4002 694 4081 aba-538,
718 3999 836 4063 Achill.
861 4017 955 4078 capp.
984 4003 1127 4078 10-143
1154 4004 1190 4063 2]
1219 3997 1288 4080 fin.;
1314 3997 1382 4079 28.)

387 4121 471 4204 Quid
495 4123 648 4190 Manilius
679 4145 699 4189 a
723 4122 896 4188 Posidonio
921 4121 1110 4204 sumpserit,
1136 4142 1235 4202 supra
1259 4120 1386 4186 ostendi
1396 4120 1415 4185 ¹.

298 4228 401 4293 ,axem
426 4228 582 4294 describit
605 4230 781 4295 secundum
804 4226 972 4293 Aratum?

315 4337 520 4421 musti-emin.
541 4386 597 4435 cap.
618 4370 665 4435 133
686 4369 810 4422 Cleomed
829 4384 854 4434 p.
874 4369 908 4419 22
927 4368 956 4419 Z.

389 4459 441 4524 ²r·
461 4460 477 4508 5
497 4475 552 4524 suo-

388 4545 399 4577 ³
417 4547 474 4600 Hoc
493 4547 631 4602 ostendam
650 4563 675 4613 p.
695 4549 729 4597 47
749 4561 786 4611 sq.
