3282 5102
749 763 810 833 IV.

371 931 431 998 Do
455 930 669 1000 Posidonii
692 932 812 1000 libris
836 934 1180 1016 meteorologiois.

308 1075 486 1163 Postquam
523 1076 563 1141 de
588 1077 636 1143 iis
673 1077 860 1144 auctoribus
897 1079 979 1145 satis
1016 1079 1168 1162 disserui,
1202 1081 1256 1160 qni
1294 1083 1336 1146 ad

220 1181 439 1248 restituendos
462 1182 563 1249 libros
581 1185 651 1265 περὶ
668 1187 843 1269 μετεώρων
864 1186 1035 1267 plurimum
1059 1189 1182 1268 valent,
1203 1189 1242 1252 de
1266 1187 1336 1268 ipso

221 1308 317 1370 opere
335 1289 553 1355 Posidoniano
576 1293 731 1356 nonnulla
751 1292 887 1358 dicenda
911 1298 996 1359 sunt.
1038 1293 1131 1376 Quod
1155 1295 1276 1359 attinet
1295 1295 1337 1359 ad

219 1415 325 1461 rerum
350 1396 603 1481 dispositionem,
627 1399 798 1479 plurimum
823 1400 910 1466 iuter
940 1421 974 1466 se
999 1399 1151 1466 differunt
1174 1400 1337 1478 Manilius

220 1503 385 1587 Geminus,
428 1504 583 1587 Achilles,
623 1507 930 1573 Pseudaristoteles.
1000 1508 1123 1573 Tamen
1165 1528 1206 1573 ex
1246 1508 1338 1573 libris

220 1629 328 1675 eorum
361 1630 460 1692 saepe
492 1612 666 1695 genuinum
699 1613 910 1680 Posidoniani
947 1614 1054 1696 operis
1092 1614 1235 1680 ordinem
1268 1635 1339 1696 per-

220 1716 345 1799 spicere
368 1737 546 1799 possumus.

307 1824 481 1892 Praefatus
510 1831 562 1892 est
590 1827 809 1910 philosophum,
839 1847 864 1892 s.
888 1829 917 1893 d.
938 1848 981 1910 p.,
1007 1827 1046 1893 de
1074 1828 1124 1910 iis,
1151 1829 1205 1909 qui
1234 1834 1338 1894 artem

218 1932 503 2016 meteorologicam
541 1933 705 2001 iuvenisse
743 1935 904 2016 dicuutur,
938 1939 972 1999 et
1007 1935 1047 2000 de
1084 1935 1135 2018 iis,
1170 1935 1224 2016 qui
1261 1942 1338 2001 aute

218 2038 321 2120 ipsum
351 2040 477 2105 dehac
507 2046 579 2106 arte
609 2039 840 2123 scripserunt¹.
886 2042 938 2106 Ad
962 2041 1005 2122 id,
1031 2043 1115 2121 qruod
1139 2043 1338 2124 propositum

219 2152 280 2229 est,
303 2147 352 2212 ita
379 2147 522 2230 transiit,
552 2151 589 2212 ut
612 2149 737 2213 diceret
759 2149 891 2213 multum
923 2147 1084 2213 interesse
1115 2148 1201 2214 iuter
1227 2152 1336 2234 μαθη-

216 2257 353 2337 ματικὴν
388 2259 423 2319 et
456 2257 672 2338 φυσιολογίαν,
708 2256 766 2320 sed
803 2261 912 2320 tamen
949 2254 1110 2320 interdum
1145 2276 1206 2320 uuc
1238 2262 1336 2336 atque

218 2362 330 2427 eodem
354 2362 424 2428 loco
448 2366 620 2443 utramque
645 2368 749 2427 artem
773 2361 990 2426 adhibendam
1015 2359 1115 2427 essei.

305 2470 426 2535 Rerum
458 2469 790 2552 meteorologicarum,
822 2468 861 2533 de
891 2468 1006 2548 quuibns
1034 2468 1227 2534 Posidonius
1256 2469 1334 2552 egit,

216 2583 285 2641 tres
315 2583 427 2657 partes
459 2577 644 2641 discernere
675 2594 856 2657 possumus:
885 2575 990 2656 prima
1019 2577 1103 2640 tales
1127 2574 1335 2655 paraesticnes

217 2683 372 2765 continet,
406 2703 489 2763 qnae
522 2684 564 2748 ad
601 2688 705 2749 totum
744 2683 895 2747 mundum
928 2688 1091 2765 spectant,
1125 2684 1334 2763 sequentibus

216 2789 344 2871 singula
368 2775 477 2855 muudi
500 2792 677 2873 φαινόμενα
702 2794 897 2875 tractantur,
922 2795 1021 2870 atque
1050 2789 1192 2855 secunda
1223 2790 1263 2854 de
1294 2790 1334 2855 iis

216 2900 276 2979 est,
301 2916 384 2976 quae
408 2896 527 2963 Graeci
549 2900 696 2980 μετέωρα
720 2898 898 2978 appellant,
924 2897 1026 2962 tertia
1049 2897 1092 2962 ad
1116 2917 1156 2961 ea
1179 2896 1333 2979 pertinet,

216 3023 298 3083 quac
329 3006 479 3087 μετάρσια
512 3009 681 3070 vocantur.
737 3004 923 3086 Videamus
958 3022 1037 3083 quos
1066 3004 1153 3068 locos
1184 3003 1333 3086 singulae

214 3111 300 3191 apud
325 3114 479 3190 qrrattucr
501 3110 573 3175 illos
598 3115 748 3175 auctores
772 3111 951 3176 obtineant.

361 3217 515 3283 Achiui:
607 3217 735 3282 Manil.
760 3218 791 3282 I:
891 3215 1051 3281 Gemina
1159 3216 1316 3280 Ps.-Ar.:

246 3325 272 3389 I.
320 3345 412 3407 capp.
438 3331 523 3391 3-9
576 3343 629 3391 vv.
657 3329 830 3390 lte—254
941 3342 1012 3389 vac.
1127 3341 1221 3403 capp.
1248 3329 1331 3387 2-3

230 3432 273 3496 Π.
411 3439 539 3498 10—31
654 3436 828 3496 255-812
865 3449 957 3511 capp.
984 3434 1089 3493 1-16
1192 3449 1264 3495 vac.

212 3539 272 3602 ΠΙ.
408 3544 539 3604 32—34
652 3542 826 3604 813—926
939 3554 1010 3602 vac.
1160 3556 1231 3618 cap.
1256 3542 1286 3602 4.

301 3648 329 3708 Α
363 3645 472 3712 muudi
503 3645 628 3728 origine
656 3643 849 3709 Posidonius
878 3641 1006 3707 initium
1035 3640 1153 3723 cepiti.
1203 3644 1331 3710 Deinde

211 3754 384 3817 secuudum
404 3753 616 3835 Chrysippum
641 3752 682 3817 dc
702 3754 857 3832 qruattucr
881 3750 1049 3815 elementis
1073 3750 1199 3815 locutus
1217 3753 1330 3832 paucis

211 3858 320 3925 verbis
345 3859 533 3941 explicavit,
555 3859 631 3938 quid
655 3859 784 3941 singula
808 3858 1022 3923 continerent.
1070 3856 1142 3938 Qua
1164 3857 1198 3922 in
1221 3878 1258 3922 re
1282 3860 1330 3923 ita

211 3966 380 4046 processit,
413 3971 450 4032 nt
487 3968 528 4032 ab
567 3967 711 4048 aethere,
746 3965 801 4047 qui
834 3969 884 4031 est
917 3965 1055 4030 omnium
1092 3983 1242 4047 summus,
1270 3985 1329 4047 per

300 4160 368 4214 ¹df.
406 4162 466 4214 .12
484 4177 522 4214 s.

298 4178 423 4303 2ΑοίτίΙῘΙ.
443 4177 544 4318 eapq2,
564 4249 597 4303 cf.
612 4267 637 4317 p.
652 4251 694 4301 24.
724 4249 929 4315 orsochon,
950 4250 1001 4302 104
1020 4254 1049 4302 ct
1062 4248 1138 4313 VIH,
1157 4248 1225 4300 3322
1245 4248 1325 4313 ,ἄλλοι

209 4340 234 4390 δ’
252 4339 288 4397 εἷς
307 4338 351 4390 τὸν
369 4339 484 4407 φυσικὸν
509 4340 587 4392 τόπον
612 4339 658 4391 καὶ
684 4337 727 4392 τὸν
745 4338 933 4407 μαθηματικὸν
951 4337 1116 4406 προσέλαβόν
1135 4357 1190 4389 τινα
1209 4336 1255 4388 καὶ
1273 4343 1326 4389 τῶν

208 4427 341 4492 τοιούτων,
361 4428 484 4495 καθάπερ
504 4428 683 4486 Ποσειδώνιός
703 4448 729 4479 τε
747 4428 793 4479 καὶ
807 4429 969 4495 Ἵνττταρχοςέ

297 4515 365 4570 ³Of.
385 4533 410 4584 p.
434 4518 466 4568 13
484 4532 523 4583 sq.
1219 4585 1235 4634 3
