3282 5102
1332 474 1379 541 29

262 678 332 744 ioco
357 677 529 760 Chrysippi
554 678 734 743 doctrinam
759 676 973 743 laudavisse¹.
1020 677 1090 760 Quo
1113 678 1236 744 factum
1261 686 1321 761 est,
1346 685 1382 745 ut

264 804 373 850 omnes
404 804 574 865 supremae
606 786 767 866 sphaerae
797 785 913 850 stellas
946 804 1049 864 aeque
1083 805 1102 850 a
1133 790 1224 851 terra
1257 786 1381 852 distare

265 889 407 957 diceret²
431 898 465 957 et
491 897 640 957 errantes
669 894 730 956 hoc
760 892 854 956 modo
886 897 1103 957 enumeraret:
1134 892 1273 974 Κρόνου,
1299 895 1380 967 Διὸς,

256 999 373 1081 Ἄρεος,
401 999 531 1081 Ἑρμοῦ,
558 999 753 1082 Ἀφροδίτης,
777 999 876 1081 ἡλίου,
907 994 1064 1081 σελήνηςθ.
1110 999 1158 1063 De
1182 1005 1321 1078 utraque
1345 1019 1381 1064 re

263 1105 470 1170 Posidonium
484 1105 557 1171 aliis
576 1106 656 1170 locis
675 1124 765 1170 suum
786 1105 887 1186 ipsius
905 1104 1056 1170 iudicium
1077 1105 1263 1187 exposuisse
1282 1126 1381 1187 supra

263 1210 430 1278 vidimus4.

351 1320 475 1402 Capitis
500 1326 518 1385 3
545 1340 615 1386 eam
640 1319 847 1402 senteutiam,
872 1339 936 1399 qua
961 1319 1140 1385 affirmatur
1163 1326 1285 1385 terram
1310 1340 1380 1385 con-

262 1426 418 1492 tinentem
444 1447 569 1507 quoque
593 1427 679 1492 inter
701 1426 825 1492 insulas
848 1427 1031 1492 trahendam
1051 1446 1133 1507 esse,
1153 1427 1298 1493 Zeiierus
1316 1429 1337 1492 l.
1358 1429 1379 1492 l.

263 1533 401 1599 maxime
430 1534 598 1600 Posidonii
629 1533 794 1616 propriam
826 1532 993 1599 iudicavit.
1049 1534 1197 1599 Eandem
1227 1534 1380 1600 Manilius

262 1641 467 1722 persequitur
490 1640 515 1723 Ι,
543 1646 604 1705 165
629 1660 692 1720 sq.:
1415 1651 1418 1656 ’

851 1746 1011 1829 ‚orbisque
1034 1766 1094 1829 per
1117 1748 1220 1814 undas

389 1855 652 1938 nasidienum
678 1856 806 1920 clausus
829 1860 940 1920 tamen
964 1855 1105 1934 undique
1129 1854 1251 1936 pontof

349 1964 470 2028 Iterum
505 1982 576 2028 eam
608 1961 745 2046 legimns
776 1961 833 2043 IV,
866 1967 928 2026 595
962 1981 1009 2041 sq.
1065 1963 1135 2026 Hoc
1167 1963 1237 2028 loeo
1270 1969 1379 2044 poeta,

263 2075 436 2150 antequam
465 2075 653 2151 exponeret,
678 2069 712 2134 in
742 2088 823 2149 quas
857 2068 944 2139 orbis
974 2068 1077 2134 nostri
1111 2075 1223 2150 partes
1251 2070 1381 2152 singula

262 2183 353 2243 astra
371 2177 541 2259 plurimum
554 2178 714 2258 valerent,
734 2175 838 2241 maria
853 2181 887 2242 et
906 2182 1013 2242 terras
1033 2175 1179 2243 breviter
1196 2177 1380 2242 describere

261 2284 323 2349 sibi
355 2285 531 2366 proposuit.
588 2283 680 2366 Quae
717 2283 892 2365 descriptio
927 2283 1091 2349 simillima
1123 2290 1174 2349 est
1207 2283 1251 2365 ei,
1285 2303 1381 2364 qnam

261 2392 412 2474 anonymi
427 2412 497 2473 cap.
516 2399 533 2456 3
550 2391 704 2456 eontinet.
742 2391 985 2456 Enumerantur
1001 2390 1153 2472 deinceps
1167 2392 1249 2455 haec
1265 2390 1380 2455 maria.

801 2497 1041 2563 ·Ps-Arist.:
1128 2498 1334 2564 Maturus:

256 2605 406 2677 Ὠκεανός
445 2657 808 2673 .........
828 2611 939 2686 11393
964 2611 1041 2670 alt
1084 2624 1115 2671 V.
1134 2611 1196 2670 595

260 2714 295 2777 τὸ
313 2715 392 2778 κατὰ
411 2715 465 2785 τὰς
474 2714 680 2797 Ἡρακλείους
695 2714 808 2796 στήλας

305 2822 406 2904 στόμα
444 2873 806 2887 .........
1002 2825 1041 2884 17
1135 2826 1195 2885 597

260 2930 294 2991 οἱ
315 2929 445 3012 Σύρτεις
486 2980 805 2994 ........
1001 2933 1042 2991 23
1135 2933 1198 2991 600

259 3036 294 3100 τὸ
317 3037 496 3118 Σαρδόνιον
534 3087 806 3101 .......
1002 3040 1041 3098 27
1134 3040 1197 3098 602

259 3143 295 3207 τὸ
318 3143 351 3205 Γ
346 3143 492 3206 adorande
533 3193 806 3208 .......
1002 3148 1040 3206 27
1136 3144 1197 3204 603

261 3251 421 3333 adeptae
449 3300 807 3316 .........
1002 3254 1043 3312 28
1135 3252 1197 3311 609

259 3358 295 3421 τὸ
318 3358 485 3421 Σικελικόν
533 3407 805 3423 .......
1000 3360 1040 3418 28
1133 3412 1194 3470 611
1217 3425 1255 3485 sq
1285 3407 1379 3493 (606)

259 3465 294 3529 τὸ
317 3465 476 3548 Κρητικόν
531 3515 803 3530 .......
999 3467 1039 3525 29
1259 3456 1265 3469 ’

260 3572 295 3636 τὸ
318 3573 490 3655 Αἰγύπτιον
532 3621 806 3637 .......
1000 3572 1041 3630 29
1114 3640 1117 3645 ¹
1134 3573 1196 3632 626

258 3679 293 3742 τὸ
316 3679 511 3762 Παμφύλιον
530 3729 802 3744 .......
999 3679 1040 3738 30
1132 3680 1193 3738 621
1219 3693 1289 3755 sqq.

260 3786 295 3848 τὸ
317 3787 437 3868 Σύριον
485 3836 802 3850 ........
997 3788 1037 3845 30
1130 3786 1194 3846 624
1217 3802 1264 3863 sq.

260 3893 293 3956 τὸ
316 3893 447 3975 Αἰγαῖον
470 3893 522 3957 καὶ
544 3891 707 3974 Μυρτῷον
756 3944 761 3955 .
800 3943 806 3955 .
999 3895 1041 3952 30
1133 3895 1194 3954 613
1219 3908 1267 3970 sq.

260 3999 426 4070 ὁΠόντος
445 4050 807 4066 .........
1001 4000 1040 4059 31
1133 4002 1195 4061 617

351 4176 360 4205 ¹
379 4175 419 4228 ef.
437 4192 463 4243 p.
484 4176 525 4227 15.

349 4265 359 4294 ²
377 4281 402 4331 p.
422 4266 474 4316 392
492 4280 509 4316 a
528 4264 569 4316 18.
589 4262 661 4316 Stob.
680 4262 698 4314 l.
717 4262 735 4315 i.

350 4353 360 4383 ³
378 4369 404 4420 p.
423 4354 475 4405 392
494 4369 511 4405 a
529 4354 563 4404 23
582 4368 638 4418 sqq.
659 4351 731 4404 Stob.
750 4349 806 4402 151.

349 4441 360 4471 ⁴
377 4457 403 4509 p.
426 4444 455 4494 ll
476 4446 505 4494 et
523 4442 547 4493 9.
