3282 5102
323 477 371 544 22

320 681 387 747 Sed
425 682 488 745 hoc
524 680 657 747 levioris
694 682 847 747 momenti
884 685 945 747 est.
1005 680 1084 745 Plus
1123 680 1235 746 valent
1271 699 1319 761 ea,
1353 700 1453 760 quae

319 792 482 853 secuntur.

407 892 575 959 Adversus
608 913 673 975 eos,
707 892 762 973 qui
795 892 948 958 dicebant
984 896 1127 958 cometas
1160 893 1292 972 ,habere
1325 911 1452 959 cursus

318 1020 393 1066 suos
421 1004 553 1081 etpost
577 1001 797 1065 certalustra
828 999 862 1063 in
892 1004 1099 1081 conspectum
1130 998 1312 1064 mortalium
1336 999 1450 1065 exire‘

320 1107 514 1173 Posidonius
546 1107 664 1172 statuit
697 1125 779 1188 ,esse
808 1106 946 1189 quidem,
970 1107 1124 1188 sednon,
1149 1105 1264 1186 quibus
1296 1106 1449 1172 siderum

317 1233 433 1280 nomen
461 1214 619 1296 imponas,
644 1213 720 1294 quia
749 1214 936 1279 dilabuntur
959 1234 1019 1280 nec
1048 1214 1103 1279 diu
1127 1213 1247 1278 durant
1270 1219 1304 1278 et
1328 1212 1449 1295 exigui

317 1321 473 1402 temporis
501 1340 592 1384 mora
621 1320 840 1401 dissipantur.‘
878 1320 968 1405 (Seu.
992 1321 1013 1385 l.
1038 1321 1059 1385 l.
1086 1326 1136 1403 19,
1149 1319 1194 1406 2.)
1238 1321 1310 1385 Hoc
1332 1321 1446 1401 ipsum

319 1427 473 1492 Manilius
494 1426 638 1491 affirmat
656 1447 709 1494 vv.
732 1433 795 1492 823
812 1447 893 1508 sqq,
907 1429 971 1492 <sed
994 1427 1136 1508 loquitur
1159 1447 1222 1492 non
1246 1427 1310 1492 nisi
1333 1428 1374 1491 de
1397 1427 1448 1493 iis

317 1535 456 1617 ignibus,
489 1533 543 1613 qui
573 1533 679 1599 subito
703 1534 849 1600 existunt
882 1540 917 1600 et
949 1534 1013 1600 cito
1041 1540 1193 1617 pereunt,
1226 1553 1282 1599 eas
1312 1535 1446 1615 stellas,

319 1659 400 1721 quas
421 1639 518 1704 hodie
542 1645 686 1705 cometas
711 1641 878 1722 appellare
903 1642 1042 1707 solemus
1066 1647 1101 1706 et
1125 1661 1205 1721 quas
1230 1641 1355 1706 Seneca
1378 1641 1400 1705 l.
1418 1642 1444 1705 l.

319 1746 437 1829 tangit,
463 1745 589 1812 omuino
613 1766 676 1811 non
701 1767 856 1830 cognosse
880 1748 1024 1816 videtur!

407 1854 446 1917 V.
472 1859 536 1918 834
560 1858 703 1919 cometas
728 1855 890 1936 appellat:

442 1959 599 2042 ,Lumina
624 1980 706 2040 quae
730 1961 846 2027 subitis
870 1960 1016 2027 existunt
1039 1967 1119 2026 nata
1143 1961 1307 2027 tenebris‘

320 2067 413 2131 Unde
426 2068 508 2132 haec
519 2086 605 2133 nova
619 2067 828 2150 designatio?
854 2069 906 2132 Ex
919 2068 1093 2151 Posidonii,
1108 2067 1231 2150 opinor,
1244 2069 1336 2133 libro.
1362 2070 1441 2134 Sen.

318 2175 339 2238 l.
360 2175 381 2237 l.
403 2179 500 2256 20,4:
525 2175 657 2259 ,Multos
681 2179 824 2240 cometas
848 2195 911 2239 non
935 2175 1091 2257 videmus
1116 2177 1201 2255 quod
1226 2178 1443 2242 obscurantur

318 2279 421 2345 radiis
453 2280 540 2345 solis.
566 2300 626 2361 quo
660 2281 830 2346 deficiente
865 2284 1025 2362 quondam
1058 2288 1205 2347 cometen
1235 2283 1441 2365 adparuisse,

320 2406 413 2466 quem
446 2387 494 2452 sol
526 2387 652 2453 vicinus
685 2395 825 2471 texerat,
858 2389 1053 2454 Posidonius
1086 2389 1229 2454 tradit‘1.
1285 2389 1443 2457 Manilius

319 2494 419 2576 igitur
448 2494 491 2576 id,
524 2496 608 2575 quod
631 2492 848 2576 vphilosophus
878 2497 979 2562 semel
1008 2496 1130 2561 factum
1163 2515 1234 2562 esse
1268 2496 1362 2579 dixit,
1390 2496 1443 2562 ita

318 2601 431 2683 refert,
456 2607 623 2682 tamquam
648 2621 775 2684 semper
797 2603 901 2668 fieret.

408 2708 469 2773 Vv.
487 2714 548 2774 831
571 2728 639 2789 sqq.
662 2708 818 2775 describit
837 2709 931 2775 varia
950 2714 1149 2776 cometarum
1168 2730 1304 2793 genera:
1325 2712 1441 2777 stellas

320 2813 454 2880 crinitas
482 2818 517 2879 et
547 2816 713 2895 barbatas
746 2818 855 2881 trabes
889 2822 923 2881 et
955 2817 1129 2899 columnas,
1155 2818 1254 2899 dolia,
1283 2819 1440 2900 capellas,

319 2922 499 3004 lampadae,
533 2921 741 3003 praecipites.
773 2961 815 2968 —-
846 2923 1017 2988 Columnas
1051 2924 1176 2990 Seneca
1208 2944 1271 2989 non
1303 2924 1367 2990 nisi
1399 2945 1441 2989 ex

318 3027 486 3094 Posidonii
505 3028 587 3094 libro
606 3047 762 3110 cognosse
780 3030 921 3112 videtur,
943 3038 994 3112 20,
1008 3038 1041 3096 2:
1063 3032 1133 3113 ‚lioc
1150 3033 1219 3096 loco
1244 3037 1319 3097 sunt
1342 3032 1400 3097 illa
1420 3053 1441 3098 a

319 3135 492 3201 Posidonio
505 3134 630 3217 scripta
640 3134 806 3218 miracula,
821 3138 988 3203 columnae
1001 3137 1161 3220 clipeique
1171 3138 1352 3220 flagrantes
1365 3142 1439 3204 etc‘

321 3243 465 3308 —Tria
497 3243 555 3307 illa
588 3262 720 3325 genera,
746 3262 828 3322 quae
860 3245 1014 3310 Manilius
1047 3246 1161 3310 ultima
1194 3251 1372 3328 enumerat,
1398 3249 1441 3312 ab

321 3350 499 3415 Aristotele
530 3369 655 3429 quoque
684 3369 749 3415 una
778 3357 1077 3434 commemorantur,
1110 3357 1243 3417 meteor.
1290 3354 1314 3435 l,
1341 3359 1372 3418 4:
1399 3357 1441 3435 ,οἱ

320 3459 510 3540 καλούμενοι
540 3458 630 3521 dodoi
658 3458 713 3521 καὶ
736 3458 821 3539 αἶγες
848 3460 903 3521 καὶ
930 3460 1078 3542 ἀστέρες]
1122 3460 1193 3524 Non
1217 3460 1339 3537 dubito,
1364 3461 1441 3541 quin

321 3569 420 3645 po'e'ta
435 3565 517 3628 haec
533 3563 733 3631 Aristotelea
748 3586 768 3630 a
782 3564 956 3630 Posidonio
972 3567 1148 3648 acceperit,
1166 3567 1220 3647 qui
1240 3573 1441 3649 quantopere

323 3691 342 3735 a
365 3675 479 3737 vetere
503 3670 693 3753 philosopho
717 3672 870 3754 pendeat,
896 3692 988 3736 nemo
1013 3677 1064 3737 est
1088 3673 1163 3752 quin
1188 3674 1281 3739 sciat.

410 3777 481 3841 Iam
513 3777 595 3843 satis
628 3784 758 3844 constat
790 3783 892 3844 totam
923 3779 1008 3843 hano
1037 3779 1283 3846 Astronomicon
1312 3788 1440 3863 partem

323 3904 363 3949 ex
387 3883 553 3948 Posidonii
586 3884 694 3965 aliquo
727 3884 809 3949 libro
839 3883 981 3949 fluxisse.
1029 3884 1113 3967 Quid
1143 3886 1208 3951 iam
1232 3886 1376 3953 dicamus
1400 3888 1442 3952 de

323 3989 488 4056 sententia
525 3990 592 4073 illa,
632 4011 695 4071 qua
733 3989 884 4055 discimus
925 3997 1035 4056 terrae
1078 3992 1317 4069 exhalationem
1355 3994 1442 4059 aeris

324 4098 432 4163 calore
469 4098 614 4179 accendi,
655 4116 720 4162 non
761 4095 905 4162 aetheris
947 4098 1085 4180 affricta
1129 4100 1212 4179 quod
1250 4100 1442 4166 Posidonius
1505 4150 1509 4157 .

415 4346 483 4400 ¹Of.
508 4345 605 4399 Achill.
634 4360 690 4411 cap.
710 4345 742 4396 21
762 4343 811 4397 fin:
841 4344 868 4396 ἓν
895 4352 957 4412 γοῦν
985 4346 1118 4413 ἐκλείψεσι
1146 4354 1191 4399 τοῦ
1217 4348 1291 4415 ἡλίου
1316 4346 1442 4407 πολλάκις

325 4435 430 4503 ἀστέρες
450 4436 584 4503 ὤφθησαν
602 4433 630 4485 ἕν
649 4432 742 4501 ἡμέρᾳ.
