3282 5102
1306 497 1350 565 31

237 706 423 786 Anonymus
458 702 636 768 Caucasum
672 710 707 769 et
741 706 832 770 Mare
870 704 1000 769 rubrum
1040 703 1120 769 fines
1157 705 1258 791 ponit,
1296 705 1355 770 sed

235 811 325 877 illam
348 816 495 877 ueterum
526 811 722 876 sententiam
752 831 815 876 non
846 810 981 876 omittit:
1013 816 1075 875 393
1099 812 1120 875 b
1140 817 1182 877 30
1205 813 1293 886 ,τινὲς
1318 813 1353 876 δὲ

235 918 269 983 τὸ
298 918 362 982 ἀπὸ
394 918 546 988 Τανάϊδος
576 919 673 1001 μέχρι
703 918 821 983 Νείλου
852 919 1021 1001 στομάτων
1050 919 1185 982 τίθενται
1215 919 1268 983 τὸν
1297 927 1353 1002 τῆς

230 1027 336 1098 Ἄσίας
359 1028 460 1108 ὅρον]

323 1133 419 1200 Licet
438 1134 560 1214 aliquid
578 1133 709 1200 intersit
728 1133 815 1199 inter
833 1133 913 1198 duos
932 1133 1030 1213 locos
1046 1138 1154 1197 tamen
1174 1130 1352 1198 similitudo

235 1239 311 1304 milii
331 1245 427 1306 tanto
445 1241 586 1323 videtur,
606 1245 643 1306 nt
661 1260 731 1306 meo
751 1240 821 1306 iure
838 1240 1029 1305 concludere
1048 1238 1169 1320 possim
1183 1239 1352 1305 Manilium

234 1346 315 1412 libro
331 1353 447 1427 quarto
463 1347 632 1414 occasione
650 1348 762 1413 oblata
781 1348 823 1413 ad
839 1347 873 1412 id
887 1345 1054 1411 Posidonii
1069 1365 1148 1428 opus
1164 1346 1351 1429 recurrisse,

235 1454 319 1532 quod
342 1454 384 1519 cd
409 1454 662 1535 componendum
685 1454 802 1519 librum
826 1453 962 1535 primunr
987 1452 1191 1518 adhibuerat.

321 1560 428 1643 Caput
451 1567 471 1626 4
501 1561 577 1627 libri
608 1562 679 1643 περὶ
702 1563 827 1644 κόσμου
859 1561 901 1625 ad
926 1579 982 1625 eas
1011 1578 1065 1625 res
1089 1559 1242 1643 pertinet,
1268 1580 1351 1640 quae

233 1665 266 1731 in
296 1674 373 1733 aere
404 1668 552 1734 oriuntur
582 1673 616 1733 et
646 1688 729 1748 quae
760 1669 909 1751 μετάρσια
942 1667 1102 1750 dicuntur,
1131 1669 1223 1734 velut
1249 1668 1351 1744 venti,

232 1776 342 1857 nubes,
367 1774 512 1858 fulmina,
538 1775 665 1841 similia.
713 1776 899 1857 Complures
922 1774 1016 1840 huius
1035 1774 1140 1856 portis
1163 1776 1265 1840 locos
1275 1774 1350 1839 olim

231 1880 377 1947 Zellerus
395 1882 568 1948 Posidonio
592 1882 717 1948 tribuit.
761 1882 926 1947 Addenda.
944 1888 1029 1964 sunt,
1050 1901 1133 1961 quae
1157 1902 1198 1947 ex
1216 1882 1350 1947 Manilio

231 1993 265 2052 et
287 1988 413 2054 Achille
438 2009 509 2054 cuni
532 1989 815 2055 Pseudnristotele
840 1988 968 2055 collatis
991 1990 1162 2055 lucramur.

319 2095 462 2162 Achilles
485 2097 581 2163 liuius
608 2096 714 2179 portis
745 2095 871 2161 initium
897 2096 986 2178 capit
1011 2116 1030 2161 a
1054 2096 1163 2162 ventis
1186 2101 1285 2177 atque
1309 2097 1349 2161 de

230 2200 349 2267 eisdem
374 2202 443 2268 fere
468 2203 625 2286 disputat,
650 2223 729 2284 quos
754 2204 840 2285 apud
864 2222 1056 2285 anonymum
1081 2202 1272 2269 invenimus.

229 2308 366 2374 Achill.
378 2329 449 2390 cap.
462 2316 518 2394 333
529 2331 559 2392 p.
574 2317 634 2376 157
646 2312 675 2376 E
687 2331 771 2391 sqq.:
981 2310 1138 2375 Ps,-Ar.:

228 2416 348 2497 ἄνεμον
371 2416 448 2481 εἶναι
471 2419 560 2500 ῥύσιν
584 2419 678 2500 ἀέρος
784 2437 816 2498 p.
835 2419 932 2483 394b
968 2424 987 2482 8

228 2521 386 2604 διαφέρειν
409 2525 528 2607 ἄνεμον
551 2526 652 2608 αὔρας
948 2530 987 2589 12

227 2630 330 2711 αὔραν
354 2630 431 2694 εἶναι
453 2632 666 2713 ἀναθυμίασιν
691 2639 749 2715 γῆς
946 2636 986 2694 13
1002 2631 1070 2709 (τὰς
1084 2634 1118 2704 ἕξ
1132 2633 1233 2713 ὑγροῦ
1249 2658 1346 2715 φερο-

1067 2742 1167 2821 μένας
1191 2742 1345 2821 ε’κιτνοάς)

227 2842 327 2907 Varia
351 2849 519 2910 ventorum
544 2864 683 2926 genera:

260 2949 285 3013 Ι.
314 2953 455 3034 ἕκνεφίαι
947 2957 985 3015 lt

315 3059 456 3140 ἀπόγεισι
946 3063 986 3122 14

314 3166 453 3247 ε’νοόρίσι
944 3170 982 3227 15
1009 3166 1068 3247 (is
1094 3166 1245 3247 ἒξνόρίαι)

313 3274 438 3336 uolutat
944 3277 981 3333 15
1008 3273 1194 3353 (ἕγκολπίαι)

313 3379 430 3460 ὀρεσίαι
486 3380 489 3385 ’
942 3416 981 3423 -

243 3483 285 3547 ll.
314 3484 489 3551 Duodecim
514 3486 620 3553 venti:

312 3610 384 3657 vac.
943 3597 981 3655 19
1006 3610 1075 3671 sqq.

224 3696 708 3780 mmmm·

313 3807 453 3880 Καικίας,
476 3808 623 3890 Σκείρων
943 3803 1031 3871 ναο.1

228 3910 283 3976 IV.
311 3916 396 3995 βίαια
420 3916 595 3996 ιτνεύμαται

312 4022 442 4084 θύελλαι

313 4128 468 4210 στρόβιλοι

312 4242 493 4317 πρηστῆρες
