3282 5102
262 444 310 527 24

258 664 430 746 perspicue
451 664 653 744 explanetur,
673 660 819 728 breuiter
839 680 895 726 eas
908 681 961 726 res
978 662 1185 742 complectar,
1207 660 1376 740 dequibus

258 778 293 836 et
315 770 468 836 Manilius
492 775 526 834 et
550 769 693 834 Achilles
717 769 839 849 dicunt,
864 773 963 847 atque
986 768 1045 849 ita,
1070 773 1107 832 ut
1130 768 1259 849 addam,
1282 787 1376 847 quem

258 880 361 943 locum
385 877 533 959 singulae
561 877 647 958 apud
671 880 841 954 utrumque
865 878 1030 939 auctorem
1055 873 1235 940 obtineant.

772 981 974 1047 Manilius:
1088 980 1277 1047 Achilles:

283 1099 310 1156 1.
335 1090 535 1156 Prooemium
563 1142 746 1156 .....
766 1090 791 1171 Ι,
827 1094 977 1153 lto-117
1003 1095 1116 1170 capi

280 1207 309 1264 2.
334 1198 415 1280 Περὶ
460 1206 514 1280 τῆς
560 1203 624 1259 τῶν
665 1197 750 1259 ὅλων

334 1307 434 1387 ἀρχῆς
471 1355 744 1369 .......
804 1307 976 1367 rar—146

280 1418 308 1477 3.
333 1411 415 1494 [lapi
431 1418 486 1493 τῆς
498 1411 676 1479 συστάσεως
687 1415 751 1472 τῶν

335 1519 420 1581 ὅλων
472 1569 744 1583 .......
804 1520 974 1580 147-167

279 1629 310 1689 4.
335 1625 377 1686 Εἰ
398 1625 654 1706 ἔστηκενὴγῆ.
694 1678 699 1689 .
738 1677 743 1687 .
805 1628 976 1687 lob—201

282 1737 310 1795 5.
335 1731 415 1812 Περὶ
434 1733 594 1813 σχήματος
617 1738 700 1813 γῆς.
739 1784 745 1796 .
803 1735 975 1794 roa—235

282 1844 311 1901 6.
337 1837 418 1920 Περὶ
442 1839 596 1920 οἰκήσεων
651 1891 657 1903 .
695 1891 701 1903 .
740 1890 745 1903 .
802 1842 976 1903 rao-246

283 1951 311 2008 7.
337 1944 417 2027 Περὶ
431 1951 494 2008 τῶν
511 1947 750 2027 κατηστερισμέ-

337 2076 404 2114 cmv
436 2053 566 2125 ζωόίων
598 2053 652 2115 καὶ
682 2052 752 2132 περὶ

337 2160 453 2230 ἄξονος
472 2211 745 2224 .......
802 2161 976 2221 255—538
1102 2163 1379 2241 ro-1432132s

283 2271 312 2327 8.
337 2264 418 2346 Περὶ
435 2271 500 2328 τῶν
524 2267 557 2328 ἒν
575 2273 613 2348 τῇ
635 2267 754 2347 σφαίρᾳ

337 2373 466 2435 κύκλων
518 2425 746 2438 ......
803 2375 978 2435 tol-804
1102 2378 1231 2438 22-27

284 2486 313 2542 9.
338 2478 417 2561 Περὶ
439 2480 607 2561 πλανήτων
653 2532 659 2544 .
698 2531 704 2545 .
742 2532 748 2544 .
804 2483 979 2542 sos-812
1107 2484 1232 2542 15--17

264 2592 314 2649 lo.
338 2586 420 2668 Περὶ
443 2588 597 2668 κσμήτων
653 2639 658 2651 .
697 2639 703 2651 ,
741 2637 744 2647 .
804 2591 867 2649 813
892 2603 962 2663 sqq.
1104 2589 1155 2649 34.

350 2694 499 2775 Apparet
532 2692 698 2771 utriusque
732 2691 806 2756 libri
844 2691 988 2755 ordinem
1019 2690 1090 2756 fere
1124 2692 1260 2757 eundem
1293 2712 1380 2776 esse,

261 2799 405 2865 nonnisi
425 2800 548 2865 duobus
568 2799 636 2883 (vel
648 2798 793 2884 tribusl)
813 2797 893 2864 loeis
915 2797 1058 2863 Achilles
1074 2818 1095 2864 a
1113 2805 1212 2880 polita
1232 2800 1381 2867 discedit.

262 2906 334 2989 Qua
358 2926 398 2972 ex
424 2926 460 2971 re
489 2906 742 2971 concludendum
766 2909 817 2970 est
840 2909 875 2969 et
894 2904 1062 2970 Manilium
1087 2911 1121 2970 et
1140 2906 1282 2971 Achillei
1307 2906 1383 2971 libri

262 3013 398 3096 primum
429 3019 595 3078 auctorem
624 3012 776 3078 resilias
805 3012 837 3076 in
869 3031 932 3077 uno
956 3017 1055 3092 atque
1079 3013 1191 3078 eodem
1215 3013 1384 3079 Posidonii

262 3121 345 3185 libro
382 3120 493 3185 eodem
530 3119 643 3184 ordine
682 3123 845 3184 tractatas
884 3118 1057 3185 inuenisse.
1117 3120 1167 3184 De
1202 3139 1264 3199 quo
1300 3120 1384 3186 libro

264 3232 395 3309 agatur,
433 3246 495 3291 non
530 3224 662 3291 difficile
699 3239 751 3290 est
789 3224 888 3291 dictu.
942 3227 1024 3290 Nam
1062 3226 1180 3291 scimus
1216 3227 1385 3292 Manilium

265 3333 369 3399 tribus
393 3333 555 3415 capitibus
572 3332 688 3418 (7—9)
709 3352 781 3397 eum
805 3332 1003 3415 adhibuisse,
1024 3332 1079 3413 qui
1104 3334 1183 3416 ,περὶ
1201 3337 1384 3418 μετεώρωνι

265 3440 441 3522 inscriptus
465 3447 547 3506 erat.

355 3548 524 3613 Accedunt
547 3547 621 3621 alia,
646 3546 762 3627 quibus
785 3547 867 3612 haec
892 3546 1079 3613 coniectura
1102 3546 1258 3613 firmetur.
1297 3548 1386 3614 Loco

266 3654 333 3735 illo,
358 3673 450 3733 quem
471 3654 655 3736 Simplicius
679 3673 720 3719 ex
738 3652 952 3719 Geminianae
976 3653 1134 3735 epitomes
1153 3660 1248 3736 parte
1268 3655 1388 3721 amissa

268 3760 441 3843 excerpsit,
466 3760 659 3825 Posidonius
687 3761 783 3826 docet
806 3759 1042 3843 physiologiam
1070 3763 1111 3826 ab
1136 3761 1316 3845 astrologia
1338 3762 1389 3828 ita

269 3868 409 3947 differre,
433 3871 471 3931 ut
502 3867 560 3932 illa
592 3868 772 3950 materiem,
797 3867 955 3949 originem
988 3872 1158 3950 astrorum,
1190 3868 1308 3935 similia
1341 3869 1389 3934 in·

269 3977 379 4057 daget,
396 3976 478 4039 haec
493 3973 525 4039 in
540 3981 645 4040 motus
661 3994 771 4040 eorum
790 3977 825 4038 et
844 3973 1020 4039 distantias
1039 3980 1074 4039 et
1092 3976 1212 4040 formas
1230 3975 1388 4061 inquirat;

269 4081 369 4147 nihilo
394 4080 497 4147 minus
520 4083 608 4147 haud
630 4102 704 4148 raro
729 4079 762 4145 in
786 4081 901 4145 eadem
925 4100 960 4145 re
984 4086 1155 4161 utramque
1185 4086 1289 4148 artem
1318 4104 1391 4165 pro·

270 4189 437 4255 ferendam
473 4207 553 4255 esse.
619 4190 714 4253 Hanc
749 4187 946 4252 sententiam
987 4208 1007 4253 a
1048 4188 1239 4270 philosopho
1281 4190 1391 4272 operis

271 4295 512 4378 meteorologioi
535 4295 628 4360 initio
653 4294 808 4375 scriptam
833 4312 904 4359 esse
935 4301 969 4359 et
997 4313 1056 4375 per
1079 4313 1114 4358 se
1137 4295 1314 4361 uerisimile
1338 4303 1392 4364 est

273 4407 307 4468 et
338 4423 375 4468 eo
408 4405 574 4485 probatur,
610 4401 693 4480 quod
717 4401 861 4466 Achilles
894 4421 964 4466 eam
998 4409 1112 4483 capt
1147 4402 1227 4485 (Τίνι
1251 4403 1393 4487 διαφέρει

271 4511 479 4594 μαθηματικὴ
504 4508 740 4592 φυσιολογίας)
766 4508 910 4575 breviter
933 4508 1050 4574 reddit.
