3282 5102
302 488 350 555 46

302 692 548 775 coniungantur,
578 692 731 758 Manilius
762 691 805 767 id,
838 692 920 771 quod
953 695 1051 757 antea
1082 692 1217 757 mundus
1242 689 1285 774 (V
1307 689 1426 776 Diod.)

302 804 384 881 erat,
408 819 439 866 v.
464 804 527 863 486
552 798 661 864 usundi
685 797 729 883 (l)
752 798 881 863 moenia
904 799 1051 880 appellat
1076 798 1174 882 (sicut
1193 817 1224 863 v.
1245 802 1310 863 534
1329 798 1426 879 ‚haec

301 911 376 971 sunt
391 905 527 988 fastigia
547 905 695 989 muudi‘).
717 943 750 950 ·-
780 905 844 970 Sed
865 905 997 970 tertiam
1020 905 1131 970 rnuudi
1149 904 1423 987 significationem

301 1014 456 1079 babemus
480 1033 533 1080 vv.
559 1017 731 1078 524-531
758 1011 966 1095 (quamquam
992 1032 1072 1078 voce
1095 1012 1168 1094 ipsa
1191 1012 1344 1076 Manilius
1367 1011 1426 1075 bic

302 1140 364 1185 non
381 1119 510 1204 utitur).
557 1118 672 1183 Adhuc
686 1136 856 1199 supremae
871 1120 1032 1201 sphaerae
1052 1118 1164 1184 ordine
1183 1124 1217 1184 et
1236 1116 1425 1183 constantia

303 1223 504 1307 argumentis
527 1241 604 1288 usus
628 1228 689 1304 est,
713 1222 828 1302 quibus
852 1223 935 1288 satis
959 1228 993 1287 et
1011 1222 1227 1305 probabiliter
1250 1222 1425 1288 ostendere

302 1336 434 1414 poterat
466 1330 617 1395 mundum
652 1330 681 1394 V
714 1348 785 1395 esse
821 1330 974 1396 divinum.
1031 1330 1155 1397 Novum
1197 1333 1425 1413 argumentum

304 1459 344 1503 ex
376 1444 481 1503 motus
514 1436 751 1516 aequabilitate
788 1437 952 1519 petiturus
985 1437 1201 1519 obliviscitur,
1235 1438 1320 1503 unde
1350 1440 1426 1501 tota

304 1544 543 1628 argumentatio
568 1543 716 1626 digressa
740 1544 793 1610 sit.
842 1544 1000 1624 Loquitur
1019 1545 1103 1610 enim
1122 1565 1185 1610 non
1206 1545 1270 1609 iam
1295 1545 1334 1608 de
1358 1563 1426 1607 una

303 1653 472 1718 stellarum
490 1651 637 1733 fixarum,
658 1652 716 1717 sed
735 1652 775 1717 de
798 1652 894 1717 lunae
914 1657 949 1717 et
972 1653 1049 1717 solis
1073 1652 1221 1734 sphaeris
1244 1690 1287 1698 -
1308 1651 1367 1732 ita,
1387 1657 1427 1715 ut

304 1779 388 1825 nunc
417 1759 457 1823 de
487 1778 524 1823 eo
554 1759 672 1824 mundo
700 1778 753 1824 res
784 1759 837 1840 sit,
867 1760 909 1824 ad
938 1778 1031 1839 quem
1059 1761 1142 1825 haec
1164 1758 1299 1825 Diodori
1322 1759 1428 1823 verba

305 1869 484 1950 pertinent:
504 1869 659 1950 ,τέταρτον
673 1869 797 1951 κόσμος
811 1869 890 1932 ἐστὶν
905 1869 1003 1951 αἰθήρ
1015 1890 1021 1901 ·
1032 1866 1124 1940 οὗτος
1139 1869 1174 1932 δὲ
1187 1874 1252 1951 πῦρ
1267 1867 1427 1950 εἰλικρινὲς

305 1979 352 2040 ὢν
383 1976 544 2058 ἀνώτερός
577 1977 639 2039 ἔστι
670 1982 726 2039 τοῦ
759 1983 897 2058 φυσικοῦ
927 1976 1074 2058 κόσμουέ
1106 2013 1146 2022 --
1179 1976 1243 2041 Cur
1271 1972 1426 2040 Manilius

305 2086 378 2147 tota
415 2083 478 2146 hac
516 2088 612 2163 parte
649 2081 779 2147 minime
816 2081 879 2148 sibi
918 2081 1112 2163 constiterit,
1151 2080 1332 2163 apparebit,
1369 2080 1427 2145 ubi

306 2188 492 2264 viderimus
527 2188 603 2269 quid
634 2189 828 2255 Posidonius
863 2189 903 2253 de
937 2190 1000 2254 bac
1031 2208 1067 2253 re
1100 2188 1230 2253 dixerit.
1286 2187 1351 2253 (lic.
1386 2187 1427 2252 de

307 2297 395 2361 deor.
419 2300 488 2360 nat.
511 2295 554 2376 Π,
580 2300 637 2360 54:
663 2297 767 2377 ‚Hanc
789 2295 891 2378 igitur
913 2294 948 2361 iu
971 2295 1076 2361 stellis
1095 2296 1323 2376 constantiam,
1341 2295 1428 2358 hanc

307 2407 436 2468 tantam
449 2408 518 2468 tam
530 2403 632 2469 variis
648 2403 794 2470 cursibus
809 2403 843 2467 in
859 2402 943 2468 omni
956 2402 1154 2468 aeternitate
1168 2400 1428 2469 convenientiam

307 2515 486 2591 temporum
527 2529 590 2575 non
629 2529 759 2592 possum
795 2510 988 2592 intellegere
1027 2509 1096 2575 sine
1132 2513 1251 2590 mente,
1288 2508 1427 2589 ratione,

308 2615 441 2681 consilio
475 2614 542 2700 (vv.
577 2614 776 2701 524-531).
833 2615 923 2697 Quae
957 2635 1028 2680 cum
1061 2614 1095 2680 in
1128 2615 1288 2680 sideribus
1320 2614 1429 2679 inesse

308 2722 487 2804 videamus
518 2741 581 2787 uon
610 2741 778 2803 possumus
809 2741 849 2787 ea
876 2722 949 2803 ipsa
977 2741 1040 2787 non
1070 2722 1103 2787 in
1134 2722 1266 2788 deorum
1296 2740 1429 2786 numero

308 2849 475 2911 reponere.
520 2829 589 2894 Nec
608 2849 686 2895 vero
710 2849 769 2895 eae
792 2831 919 2912 stellae,
944 2849 1027 2910 quae
1050 2830 1235 2895 inerrantes
1259 2833 1430 2910 vocantur,

309 2956 372 3002 non
396 2935 583 3020 significant
606 2938 741 3002 eandem
770 2941 909 3002 mentem
934 2942 1032 3017 atque
1056 2937 1263 3020 prudentiam
1288 2986 1429 3001 .....

310 3050 351 3109 55
379 3093 519 3109 .....
548 3044 670 3108 Earum
699 3049 807 3109 autem
836 3063 996 3125 perennes
1020 3064 1133 3110 cursus
1156 3049 1256 3124 atque
1279 3043 1432 3126 perpetui

310 3171 380 3217 cum
410 3150 594 3216 admirabili
621 3149 867 3230 incredibilique
898 3151 1083 3217 coristautia
1116 3151 1286 3217 declarant
1314 3149 1349 3215 iu
1378 3149 1431 3214 bis

309 3257 374 3324 vim
395 3262 429 3323 et
447 3263 587 3323 mentem
607 3275 678 3324 esse
698 3256 851 3338 divinam,
876 3262 922 3339 ut,
943 3259 1024 3323 haec
1047 3257 1120 3338 ipsa
1143 3257 1197 3336 qui
1221 3276 1284 3322 non
1307 3256 1432 3323 sentiat

311 3365 442 3429 deorum
460 3364 525 3431 vim
548 3366 680 3446 habere,
700 3363 728 3429 is
751 3364 831 3429 nihil
855 3364 982 3429 ournino
1006 3383 1159 3430 sensurus
1182 3383 1254 3430 esse
1278 3364 1432 3430 videatur

311 3468 379 3551 (vv.
409 3468 633 3556 495—5‘23)‘1
666 3469 859 3535 Posidonius
888 3470 999 3552 igitur,
1031 3470 1086 3535 ubi
1117 3470 1248 3536 deorum
1279 3474 1431 3535 naturam

310 3576 346 3638 ἐκ
377 3581 442 3638 τῶν
479 3578 682 3658 φαινομένων
717 3576 770 3638 καὶ
803 3577 979 3658 μετεώρων
1014 3575 1138 3656 definit,
1176 3582 1210 3640 et
1244 3575 1431 3642 universum

311 3680 462 3744 mundum
486 3685 521 3744 et
543 3680 652 3745 sidera
676 3700 739 3745 non
762 3681 855 3746 modo
877 3681 1056 3746 inerrantia
1080 3681 1137 3745 sed
1161 3681 1260 3746 etiam
1285 3680 1431 3746 errantia

312 3791 445 3851 tractat.
482 3787 528 3852 Ol.
549 3785 567 3872 ξ
588 3793 628 3851 59
648 3787 709 3870 in.;
731 3793 771 3853 39
792 3807 863 3870 cap.
887 3794 925 3853 15
946 3787 989 3852 in.
1009 3787 1105 3868 Diog.
1124 3788 1237 3854 Laert.
1258 3789 1330 3868 VII,
1353 3793 1431 3852 148:

311 3894 434 3967 ,οὐσίαν
465 3894 500 3957 δὲ
529 3895 608 3958 θεοῦ
637 3895 752 3978 Ζήνων
781 3898 841 3978 μέν
868 3918 946 3977 φησι
977 3894 1032 3957 τὸν
1056 3895 1131 3958 ὅλον
1154 3896 1279 3979 κόσμον
1302 3895 1433 3958 καὶτὸν

402 4087 527 4141 ²Ocnfer
549 4090 708 4156 praesertim
735 4106 794 4143 cum
821 4105 865 4142 vv.
884 4089 936 4141 515
964 4104 1021 4156 sqq.
1040 4089 1121 4142 haec:
1149 4089 1227 4159 poc,
1248 4089 1328 4143 Nulla
1346 4088 1432 4158 igitur

311 4182 339 4235 iu
367 4178 441 4231 caelo
470 4194 519 4231 nec
546 4180 655 4232 fortuna
683 4194 732 4231 nee
760 4177 900 4231 temeritas
927 4192 977 4231 nec
1005 4178 1105 4231 erratio
1132 4192 1182 4230 nec
1214 4179 1320 4232 vanitas
1351 4178 1431 4242 inest,

312 4271 457 4332 contraque
484 4266 569 4319 omnis
596 4267 668 4332 ordo,
688 4265 797 4331 veritas
820 4265 898 4330 ratio,
923 4265 1075 4318 constantia
1098 4267 1134 4333 (v.
1154 4266 1226 4332 518),
1251 4281 1372 4333 quaeque
1390 4266 1433 4318 his

312 4361 410 4409 vacant
429 4356 559 4409 eruentita
578 4361 605 4408 et
624 4355 693 4408 salsa
710 4354 841 4421 plenaque
861 4353 967 4419 erroris,
983 4369 1014 4407 ea
1029 4354 1128 4407 circum
1147 4360 1234 4409 terras
1248 4355 1319 4408 infra
1332 4354 1432 4420 lunam,

313 4460 380 4511 quae
400 4444 515 4498 omnium
534 4444 630 4498 ultima
649 4448 698 4508 est,
718 4442 744 4495 in
765 4442 898 4508 terrisque
917 4449 1060 4497 versantur
1079 4445 1133 4511 (vv.
1153 4444 1324 4511 515-517).‘
