3282 5102
292 476 340 543 32

379 679 470 763 Quae
494 698 670 762 anonymus
694 679 734 743 de
759 676 926 743 duodecim
949 676 1057 743 ventis
1082 676 1170 758 dicit,
1196 676 1410 741 ePosidonio

291 793 420 870 sumpta
442 792 532 870 sunt,
556 806 630 852 nani
656 784 901 851 eademeadem
925 783 995 849 fere
1014 784 1127 849 ordine
1150 788 1266 848 narrat
1284 783 1411 848 Seneca

291 900 357 959 nat.
383 914 434 973 qu.
459 894 498 975 V,
526 900 575 976 16,
601 893 654 973 qui
678 893 767 958 locus
791 892 964 957 seeundum
989 889 1190 957 Kaibelium¹
1217 891 1410 972 philosopho

291 1000 482 1066 tribuendus
515 1004 575 1065 est.
622 1000 717 1081 Apud
746 997 900 1064 Senecam
931 1005 1110 1079 sequuntur
1142 1018 1213 1079 cap.
1249 1004 1287 1063 17
1316 997 1410 1064 13311

290 1107 483 1190 peculiares
508 1125 587 1186 quos
611 1106 908 1173 Pseudaristoteles
932 1107 1064 1188 omittit,
1088 1105 1233 1171 Achilles
1263 1105 1410 1171 breviter

291 1215 408 1298 tangit.
441 1252 483 1260 „.
507 1214 662 1278 Extremo
697 1214 758 1278 hoe
790 1213 898 1295 eapite
930 1214 1074 1279 Achilles
1107 1218 1261 1293 quattuor
1292 1216 1409 1278 133133

290 1321 488 1403 principales
512 1326 751 1402 commemorat,
775 1321 829 1401 qui
848 1326 924 1386 sunt
947 1323 1137 1404 ἀπηλιώτης,
1160 1322 1288 1403 βαρέας,
1310 1319 1409 1391 νότος,

292 1431 439 1511 ζέφυρος.
477 1428 570 1491 Η333
585 1425 627 1491 ad
646 1426 762 1493 librum
780 1430 852 1511 περὶ
866 1430 989 1511 κόσμου
1008 1448 1071 1493 333
1088 1446 1220 1509 prorsus
1235 1426 1408 1506 quadrant,

292 1555 366 1600 nam
386 1533 559 1600 secundum
580 1552 780 1616 anonymum,
801 1535 854 1614 qui
877 1540 910 1600 et
933 1536 991 1600 hos
1010 1539 1125 1602 ventos
1149 1539 1183 1598 31
1201 1532 1293 1598 111333
1311 1531 1409 1596 13131-

291 1641 416 1725 positos
446 1644 594 1705 tractatu
623 1640 679 1705 illo
710 1641 814 1707 medio
845 1646 1025 1721 enumerat,
1053 1639 1330 1722 septemtrionalis
1358 1643 1411 1703 est

292 1750 475 1830 ἀπαρκτίας,
505 1766 570 1812 333
599 1749 727 1831 βορέας.
780 1748 896 1814 Utrum
921 1748 1065 1814 Achilles
1096 1747 1228 1814 consilio
1260 1766 1301 1810 33
1332 1764 1411 1810 casu

293 1858 377 1920 banc
400 1854 633 1920 Aristoteleam
656 1860 826 1921 ventorum
851 1855 1109 1939 designationem
1135 1853 1330 1934 adhibuerit,
1350 1853 1412 1916 hoc

293 1962 478 2027 discernere
501 1981 564 2027 333
588 1981 727 2043 possum.

381 2068 509 2151 Ignium
539 2068 701 2134 3311311131
732 2070 793 2134 duo
824 2089 948 2152 genera
978 2074 1065 2135 sunt:
1099 2069 1144 2150 ,τὰ
1174 2070 1234 2151 μέν
1257 2069 1318 2131 ἐστι
1340 2063 1409 2129 κατ’

294 2179 451 2259 ἔμφασινί,
476 2175 568 2242 uelut
591 2195 686 2242 arens
710 2176 862 2242 caelestis
886 2176 1024 2260 (Pe-Ar.
1051 2181 1113 2241 335
1139 2194 1159 2239 a
1179 2174 1338 2259 32-113)
1364 2174 1411 2255 ,τὰ

295 2284 329 2346 δὲ
359 2285 437 2347 καθ’
468 2284 646 2347 ὑαόααααινί
674 2284 767 2350 velut
797 2288 943 2348 cometae
974 2282 1112 2367 (Pa-Ar.
1145 2288 1207 2348 335
1232 2283 1252 2346 b
1277 2280 1411 2365 3—17).

294 2389 439 2455 Achilles
464 2410 534 2472 cap.
556 2395 598 2454 34
619 2391 704 2456 hane
723 2389 936 2456 differentiam
962 2410 1025 2456 non
1050 2398 1158 2473 curat;
1183 2394 1292 2454 1331311
1315 2388 1413 2453 inter-

295 2497 370 2561 dum
390 2515 459 2561 eum
480 2516 638 2580 anonymo
657 2497 908 2564 Posidonianum
932 2497 1075 2563 ordinem
1100 2516 1249 2564 servasse
1272 2495 1412 2563 videtur.

294 2603 460 2669 Describit
495 2606 577 2669 11333
613 2623 751 2686 genera:
789 2606 932 2687 κομήτας
971 2603 1117 2689 (Ρ3.·Α1.
1151 2625 1181 2686 p.
1217 2609 1279 2668 335
1313 2604 1332 2667 b
1366 2605 1411 2686 8),

294 2711 461 2793 λαμπάδας
485 2709 569 2796 (11),
595 2712 725 2781 Aenidae
750 2709 830 2796 (12),
855 2710 916 2792 ἶριν
939 2710 984 2794 (p.
1010 2718 1073 2777 395
1098 2731 1117 2777 a
1143 2710 1209 2796 32),
1236 2713 1304 2775 ἅλα)
1329 2708 1411 2795 (36),

295 2818 419 2900 ῥυμοὺς
442 2819 496 2881 καὶ
519 2819 644 2900 ῥύακας
673 2819 718 2901 (p.
744 2822 806 2882 395
835 2818 855 2882 b
881 2824 898 2880 7
923 2820 1056 2904 ῥῦαιςὲ),
1082 2820 1258 2889 διάποντας
1283 2816 1297 2901 (
1320 2819 1345 2903 )
1369 2852 1412 2860 -

295 2924 423 2989 Manilii
461 2923 549 2990 dolia
592 2925 631 3009 (I,
665 2923 744 3009 342)
787 2924 873 3004 apud
915 2943 1105 3007 anonymum
1146 2927 1236 2989 aldor
1277 2923 1414 2990 audiunt

295 3032 340 3117 (p.
371 3033 478 3097 33511
510 3031 576 3117 12).
608 3069 651 3076 -
681 3030 840 3096 Fortasse
870 3049 933 3095 non
965 3032 1202 3115 neglegendum
1235 3036 1295 3113 est,
1328 3032 1414 3096 hunc

295 3157 350 3204 333
374 3158 499 3219 quoque
523 3138 617 3221 ignes
641 3139 850 3222 1331313113
875 3140 989 3221 quibus
1013 3140 1221 3207 Posidonium
1245 3140 1414 3222 scripsisse

295 3244 420 3310 Seneca
458 3250 572 3310 auctor
610 3249 670 3326 est,
709 3255 743 3309 31
779 3246 833 3326 qui
872 3249 913 3312 ab
946 3248 1072 3314 Achille
1112 3254 1146 3313 et
1180 3247 1314 3313 Manilio
1351 3266 1414 3311 non

296 3349 660 3417 33111133131211131133
685 3351 767 3434 dieo,
792 3373 875 3434 qnae
899 3374 1017 3437 graece
1042 3356 1166 3425 boatdac
1189 3354 1350 3420 dicuntur.

384 3459 480 3525 Aeris
510 3459 639 3542 ignibus
670 3460 828 3525 absolutis
857 3461 1154 3527 Pseudaristoteles
1188 3462 1227 3525 de
1259 3460 1299 3526 iis
1332 3459 1412 3543 agit,

296 3585 375 3645 quos
399 3569 489 3631 13113
513 3571 546 3631 31
570 3585 660 3631 3313
684 3566 862 3633 continent.
909 3568 1005 3633 (iuius
1028 3568 1133 3650 partis
1152 3567 1325 3650 vestigium
1349 3586 1414 3632 non

294 3670 414 3737 leviter
431 3671 623 3753 impressum
643 3672 728 3753 apud
747 3673 914 3740 Manilium
933 3674 1124 3742 invenimus.
1163 3674 1224 3756 Qui
1242 3679 1413 3755 postquam

295 3784 438 3844 3333133
470 3777 653 3861 descripsit,
679 3779 804 3847 eunctis
834 3780 983 3860 partibus
1012 3780 1104 3863 ignes
1135 3781 1314 3863 permixtos
1342 3799 1414 3845 esse

296 3889 420 3950 narrat.
484 3885 592 3964 Atque
630 3886 769 3968 exempli
810 3886 920 3969 gratie
961 3906 1032 3952 cum
1074 3887 1140 3952 alia
1181 3889 1415 3969 phaenomena,

296 3997 364 4057 tum
397 3991 482 4058 sieut
518 4011 695 4076 anonymus
729 3995 869 4059 Aetnam
904 3997 939 4058 et
971 3993 1079 4060 133133
1114 3994 1237 4060 calidos
1269 3993 1416 4059 33131331

297 4097 365 4183 (11.
390 4104 455 4164 354
478 4099 552 4185 33.)

387 4348 396 4377 ¹
414 4348 530 4401 Hermae
549 4348 601 4401 vol.
620 4350 654 4400 20
673 4364 698 4414 p.
718 4349 769 4399 617
789 4362 827 4412 sq.

387 4438 397 4469 ⁹
417 4437 457 4493 Of.
475 4455 501 4506 p.
520 4440 562 4491 22.
