3282 5102
1232 503 1363 575 ‚13

249 707 467 774 astronomiae
496 706 654 788 dixerint,
684 713 719 772 et
746 706 893 772 breviter
923 707 1034 790 tangit
1057 726 1127 789 eos,
1153 707 1208 789 qui
1238 709 1278 773 de
1307 710 1368 773 hac

249 819 321 880 arte
345 813 547 896 scripserint.
574 852 611 860 —
639 812 826 879 Certissime
850 813 1024 880 Posidonio
1054 814 1229 880 tribuenda
1254 819 1306 880 est
1329 834 1367 880 ea

249 921 423 1002 sententia,
449 940 545 1001 quam
568 920 713 986 Achilles
741 922 800 986 sub
829 921 924 986 finem
951 920 1047 986 huius
1078 921 1196 1002 capitis
1228 921 1366 1003 profert:

248 1028 353 1102 ,οὐδὲν
392 1029 427 1092 δὲ
471 1028 655 1110 παράδοξον
694 1030 747 1091 ὑπ’
785 1029 974 1111 ἀνθρώπων
1010 1030 1165 1111 τοσαύτην
1203 1030 1366 1112 αἱρεθῆναι

248 1137 391 1218 θεωρίαν
407 1155 412 1167 ·
427 1136 516 1218 ψυχὴ
546 1136 607 1218 γὰρ
636 1141 722 1198 πᾶσα
750 1136 910 1206 ἀθάνατος
939 1137 1135 1200 κατελθοῦσα
1159 1136 1193 1209 ἐξ
1216 1137 1367 1218 οὐρανοῦ,

248 1245 446 1309 ἀνανεύουσα
470 1245 503 1314 ἒς
526 1250 661 1326 συγγενῆ
678 1242 733 1306 τὸν
751 1244 898 1325 οὐρανὸν,
918 1244 1019 1307 πάντα
1037 1243 1074 1306 τὰ
1094 1245 1220 1326 συνήθη
1240 1244 1366 1326 θεωρεῖ.

248 1352 301 1414 καὶ
337 1354 503 1417 ἐπισπᾶται
537 1351 620 1434 πρὸς
656 1353 693 1415 ὃν
729 1351 783 1414 καὶ
820 1351 1000 1434 ἀναχθῆναι
1036 1349 1224 1432 ἐπείγεταιη.
1285 1351 1365 1416 Nam

249 1459 422 1524 secuudum
445 1456 652 1523 Posidonium
676 1457 858 1523 hominibus
883 1457 1018 1539 ,animus
1043 1458 1140 1522 datus
1164 1462 1214 1522 est
1239 1477 1279 1522 ex
1303 1457 1367 1521 iliis

251 1565 455 1647 sempiternis
491 1562 661 1648 ignibus‘2,
700 1565 753 1645 qui
791 1564 833 1646 ,in
866 1566 927 1629 hoc
961 1563 1134 1645 demissuS,
1168 1569 1204 1630 ut
1235 1564 1368 1646 propius

250 1671 376 1751 quidem
412 1672 523 1738 divina
558 1691 737 1753 nossemus,
778 1676 990 1738 conversatur
1027 1670 1154 1751 quidem
1189 1670 1367 1753 nobiscum,

250 1780 306 1844 sed
329 1781 446 1846 haeret
469 1780 587 1864 origini
610 1776 728 1846 suae‘3.
920 1780 922 1783 ’

498 1984 528 2042 2.
575 1976 671 2059 Περὶ
693 1984 757 2060 τῆς
779 1982 851 2040 τῶν
874 1976 972 2039 ὅλων
995 1976 1123 2057 ἀρχῆς.

472 2082 573 2168 (Man.
597 2083 624 2165 I,
652 2088 835 2164 lna—146,
859 2082 977 2149 Achill.
1002 2099 1073 2162 cap.
1100 2081 1144 2166 3.)
1229 2130 1241 2157 .

336 2210 442 2275 Poeta
471 2212 643 2276 nonnullas
670 2214 818 2277 veterum
850 2207 1049 2292 sententias,
1074 2225 1158 2287 quae
1187 2206 1229 2269 ad
1259 2205 1369 2270 mundi

249 2315 404 2398 originem
435 2317 616 2400 pertinent,
641 2316 781 2384 strictim
812 2319 995 2395 enumerat,
1024 2313 1073 2379 ita
1103 2317 1140 2379 ut
1169 2312 1367 2394 singulorum

248 2423 510 2506 philosophorum
539 2424 670 2491 nomina
703 2423 835 2489 omittet
867 2428 901 2488 et
934 2420 1077 2503 sceptice
1105 2425 1205 2502 neget
1236 2419 1367 2500 probari

248 2549 352 2614 posse,
373 2533 448 2611 quid
467 2538 557 2599 recte
577 2537 754 2598 statuatur.
795 2530 884 2595 Nihil
903 2534 954 2594 est
976 2527 1010 2593 in
1028 2528 1089 2592 hoo
1112 2527 1181 2591 loco
1202 2525 1367 2609 singulare

248 2637 310 2703 nisi
340 2641 401 2705 hoc
431 2660 541 2706 unum:
573 2639 808 2706 sententiarum
842 2639 920 2702 ordo
953 2634 996 2701 ad
1026 2633 1206 2714 doetrinae,
1230 2652 1293 2697 non
1326 2633 1368 2698 ad

248 2746 403 2828 temporis
434 2748 594 2813 rationem
627 2745 823 2829 compositus
855 2750 916 2809 est.
968 2740 1080 2806 Prima
1113 2745 1165 2805 est
1195 2739 1282 2822 eius,
1313 2740 1368 2820 qui

249 2859 417 2919 aeternum
435 2855 586 2920 mundum
603 2873 675 2920 esse
689 2858 724 2919 et
740 2852 864 2935 origiue
880 2869 993 2917 carere
1007 2848 1147 2914 iudicat:
1167 2846 1365 2911 Aristotelis.
1419 2893 1420 2896 ,

249 2960 408 3027 Secuntur
435 2961 611 3044 Hesiodus,
637 2961 691 3041 qui
714 2981 755 3026 ex
784 2961 879 3041 oha0,
904 2955 1079 3040 Epicurus
1105 2955 1224 3034 quiex
1249 2954 1366 3019 atomis

249 3067 387 3133 omnium
416 3068 542 3134 initium
572 3069 705 3134 ducunt.
750 3066 849 3133 Venit
880 3064 997 3130 deinde
1025 3066 1125 3144 poeta
1149 3062 1191 3126 ad
1216 3079 1286 3141 eos,
1311 3060 1365 3139 qui

250 3193 290 3238 ex
323 3176 492 3242 elementis
524 3176 634 3243 mundi
669 3174 826 3257 originem
857 3175 1025 3252 repetunt:
1061 3169 1227 3250 Hippasus
1265 3167 1367 3231 Hera·

249 3282 408 3363 clitusque
432 3303 471 3349 ex
495 3283 580 3366 igne,
601 3284 721 3348 Thales
745 3301 786 3347 ex
804 3299 898 3361 aqua,
918 3277 1132 3360 Empedocles
1151 3295 1190 3340 ex
1211 3279 1367 3354 quattuor

249 3389 418 3455 elementis
440 3395 632 3473 generatum
656 3408 727 3455 eum
753 3405 824 3454 esse
848 3381 994 3452 docent4.

339 3533 345 3563 ¹
367 3532 410 3586 Sic
428 3533 498 3586 Man.
517 3533 553 3599 ΙΙ,
574 3533 625 3585 123
643 3548 694 3597 sp:
715 3530 791 3598 (Quis
810 3528 912 3581 caelum
931 3523 1112 3594 cognovisset)

427 3622 470 3687 ,Ni
489 3628 580 3677 tantos
599 3620 695 3675 animis
714 3620 804 3673 oeulos
822 3622 919 3670 natura
937 3613 1056 3667 dedisset

427 3712 627 3782 Cognatamque
646 3711 687 3764 sni
704 3716 822 3763 mentem
840 3705 969 3760 vertisset
987 3704 1020 3756 ad
1039 3703 1123 3771 ipsam
1131 3706 1152 3754 t‘

338 3800 349 3831 ²
368 3801 422 3855 Cic.
441 3802 474 3855 de
492 3817 548 3869 rep.
567 3801 615 3866 VI,
636 3800 684 3868 153
709 3799 742 3853 cf.
762 3798 883 3862 Gorssen,
903 3795 936 3847 de
954 3791 1098 3847 Posidonio
1116 3791 1231 3857 Rhodio,
1256 3791 1366 3844 Bonnae

251 3892 326 3957 1878,
345 3909 370 3959 p.
390 3894 433 3945 46.

338 3979 426 4034 ³Sen.
447 3996 488 4048 ep.
506 3980 550 4046 41,
570 3981 601 4047 ὃς
621 3979 654 4032 ef.
675 3979 788 4032 Corssen
807 3976 824 4029 l.
843 3975 862 4028 l.
880 3992 904 4043 p.
924 3975 968 4026 43.

337 4070 348 4100 4
366 4070 495 4123 Similiter
503 4069 654 4123 Heracleon
662 4066 863 4137 grammaticus,
877 4063 955 4130 isqui
966 4059 1185 4115 commentarium
1194 4059 1365 4112 Homericum

249 4159 364 4227 scripsit,
383 4159 449 4212 haec
466 4158 567 4227 placita
586 4163 733 4211 enumerat.
766 4155 839 4208 Sext.
853 4153 914 4207 adv.
933 4151 1017 4205 math.
1031 4150 1065 4214 X,
1080 4148 1131 4201 313
1151 4163 1222 4213 sqq.:
1242 4146 1295 4211 ,Ἐξ
1308 4145 1365 4204 ἑνὸς

250 4248 342 4301 δὲκαὶ
366 4256 443 4301 ποιοῦ
467 4247 620 4316 γεγενῆσθαι
646 4245 676 4298 τὰ
701 4244 784 4297 πάντα
803 4242 925 4296 θέλουσιν
949 4242 980 4292 οἵ
993 4260 1020 4291 τε
1037 4237 1097 4304 περὶ
1116 4235 1160 4289 τὸν
1173 4237 1300 4288 Ἵππασον
1318 4234 1365 4286 καὶ

247 4338 395 4406 Ἀναξιμένη
415 4338 460 4391 καὶ
482 4338 556 4405 Θαλῆ
575 4377 581 4390 .
602 4377 607 4388 .
628 4377 634 4389 .
653 4336 683 4387 ἔκ
702 4335 830 4387 πλειόνων
849 4330 942 4384 δὲκαὶ
961 4330 1126 4395 ἀριθμητῶν,
1146 4326 1220 4377 δυοῖν
1237 4323 1286 4391 μὲν
1305 4365 1310 4376 .
1331 4363 1337 4376 .
1358 4363 1363 4374 .

245 4430 376 4498 Ὅμηρος.
394 4469 399 4480 .
416 4428 586 4496 ,Ξενοφάνης
600 4467 605 4478 .
622 4467 627 4478 .
644 4467 649 4477 .
665 4424 812 4490 Εὐριπίδης
827 4462 833 4475 ,
850 4461 855 4472 .
872 4461 892 4486 .,
908 4421 938 4472 ἐκ
950 4417 1084 4482 τεσσάρων
1098 4413 1127 4467 δὲ
1140 4414 1154 4465 ὁ
1166 4413 1364 4480 Ἐμπεδοκλῆς,ί

250 4519 324 4572 Diels
342 4519 402 4572 dox.
420 4535 445 4586 p.
465 4519 497 4570 91
518 4532 556 4582 sq.
