3282 5102
1302 486 1348 555 51

232 686 329 752 vallis
353 687 515 756 distantes
538 710 666 773 semper
683 711 748 757 urna
767 692 914 757 oriuntur
934 696 968 757 et
987 693 1137 759 occidunt
1157 693 1215 777 (M.
1237 699 1352 759 598:

234 794 272 858 A.
299 801 363 861 534
386 796 461 883 sq).

323 903 471 969 Vidimus
498 906 665 971 Manilium
689 908 786 973 Arati
818 908 959 973 carmine
995 908 1044 974 ita
1077 929 1167 975 usum
1203 930 1285 991 esse,
1318 916 1355 976 ut

235 1008 337 1090 primo
366 1013 562 1078 verbotenus
589 1012 658 1079 fere
686 1034 800 1081 versus
828 1014 897 1080 eius
923 1014 1027 1080 latine
1050 1016 1213 1097 redderet,
1238 1017 1355 1082 deinde

235 1116 340 1198 magis
363 1118 532 1201 magisque
556 1122 597 1185 ab
622 1140 659 1185 eo
684 1121 878 1204 discederet,
898 1127 1062 1203 postremo
1081 1142 1144 1187 non
1164 1123 1226 1188 nisi
1250 1143 1356 1205 pauca

237 1227 271 1287 et
290 1222 411 1305 exigua
430 1224 499 1291 eius
518 1229 621 1292 verba
638 1227 821 1294 adhiberet.
869 1228 1084 1308 Consequitur
1102 1230 1206 1294 multa
1225 1229 1357 1295 aliunde

237 1330 336 1395 dnota
360 1349 441 1396 esse.
487 1333 525 1397 In
549 1353 632 1413 qnae
656 1354 746 1413 nuuc¹
764 1334 934 1415 inquiram.

328 1437 407 1503 Axis
431 1459 564 1522 corpore
589 1447 681 1507 caret
704 1440 762 1527 (M.
785 1441 1012 1508 285=Schol
1037 1442 1131 1508 Arat.
1157 1443 1207 1508 ed.
1227 1443 1359 1508 Behker

239 1564 269 1625 p.
304 1550 344 1608 52
376 1546 397 1611 1.
433 1546 499 1633 36).
555 1548 633 1613 Cum
665 1549 802 1614 mundus
833 1555 990 1632 perpetuo
1023 1550 1056 1615 in
1093 1552 1203 1615 orbem
1240 1554 1360 1633 agatur

241 1651 298 1735 (M.
324 1659 385 1718 287
417 1656 623 1733 sq.=schol.
654 1657 675 1720 1.
706 1663 745 1722 27
778 1658 875 1740 sqq),
907 1656 979 1722 axis
1007 1657 1182 1723 secundum
1210 1662 1361 1722 naturam

240 1758 461 1840 incorpoream
503 1760 560 1845 (M.
600 1764 824 1828 290=schol
864 1763 885 1826 1.
923 1769 963 1826 38
1003 1763 1066 1847 sq.)
1101 1761 1274 1828 immobilis
1309 1768 1360 1827 est

242 1864 299 1950 (M.
324 1872 388 1931 290
413 1870 619 1946 sq.=schol.
644 1870 665 1934 1.
692 1875 733 1935 30
758 1889 816 1950 sq,
842 1875 883 1934 33
908 1868 982 1955 sq).

328 1971 419 2055 Lyra
449 1994 568 2040 canens
597 1975 745 2058 Orpheus
769 1976 870 2042 silvas
901 1982 935 2041 et
961 1996 1044 2041 saxa
1067 1982 1100 2041 et
1124 1976 1246 2042 inferos
1275 1976 1362 2058 ipsos

242 2079 450 2147 commovisse
467 2081 586 2147 dicitur
602 2081 703 2168 (Man.
721 2089 783 2149 325
798 2103 868 2163 sqq.
880 2083 1160 2149 :Eratosthenis
1176 2083 1366 2149 catasteris·

242 2206 363 2252 morum
387 2187 545 2267 reliquiae
566 2190 614 2254 ed.
639 2190 766 2256 Rohert
789 2211 820 2272 p.
848 2196 908 2254 139
933 2192 963 2254 Α
987 2191 1008 2254 1.
1032 2194 1073 2254 14
1095 2188 1190 2275 sqq).

331 2294 510 2361 Secundum
540 2298 783 2364 catasterismos
812 2298 857 2385 (p.
888 2297 966 2383 143)
1001 2297 1150 2379 Iuppiter
1179 2297 1213 2361 in
1245 2298 1365 2362 olorem

244 2421 418 2468 conversus
456 2403 618 2469 Nemesim
656 2405 805 2486 violavit,
848 2410 882 2470 et
923 2404 1008 2469 sicut
1049 2405 1129 2469 deus
1170 2403 1204 2468 in
1242 2405 1365 2469 caelum

243 2510 415 2592 revolavit,
440 2510 510 2576 avis
535 2510 602 2593 illa,
624 2512 714 2578 cuius
732 2511 867 2578 formam
891 2511 1054 2593 induerat,
1079 2510 1227 2593 expassis
1251 2509 1366 2592 pennis

243 2616 277 2681 in
300 2617 406 2683 stellis
429 2618 538 2699 posita
562 2624 622 2684 est.
670 2619 791 2684 Contra
813 2617 967 2684 Manilius
991 2639 1022 2685 v.
1048 2623 1128 2683 337:

353 2725 516 2808 ‚Proxima
540 2744 610 2792 sors
634 2726 748 2809 Cygni,
773 2744 866 2806 quem
891 2726 982 2790 caelo
1004 2724 1153 2807 luppiter
1176 2724 1246 2806 ipse

350 2833 516 2916 Imposuit,
541 2833 663 2899 formae
687 2834 838 2916 pretium,
864 2852 927 2913 qua
951 2832 1039 2913 cepit
1063 2836 1236 2912 amantem,

351 2939 428 3005 Cum
453 2941 531 3006 deus
555 2942 588 3006 in
612 2941 741 3008 niveum
766 2938 935 3006 descendit
958 2957 1072 3005 versus
1097 2938 1216 3002 olorem

353 3047 525 3130 Tergaque
549 3047 664 3112 fidenti
687 3046 826 3112 subiecit
849 3047 978 3128 plumea
1001 3045 1134 3110 1141144.ί

244 3153 392 3219 Eandem
415 3154 558 3219 fabulam
583 3153 796 3220 Germanicus
819 3152 953 3218 Arateis
976 3150 1115 3217 inseruit
1138 3170 1169 3217 v.
1195 3156 1272 3215 276:

459 3261 581 3343 ,Ledae
606 3260 761 3326 thalamis
786 3261 840 3340 qui
862 3259 1009 3341 inlapsus
1033 3258 1162 3324 adulter

349 3368 456 3434 Furta
479 3368 567 3435 Iovis
590 3367 675 3434 falsa
698 3369 830 3435 volucer
853 3368 912 3432 sub
935 3365 1077 3448 imagine
1100 3363 1204 3430 texit‘

221 3475 389 3556 0Uterque
412 3480 512 3557 poeta
530 3473 682 3542 breviora
701 3494 805 3554 neque
824 3480 890 3538 tam
912 3478 1029 3556 aperta
1049 3472 1091 3537 ad
1110 3470 1366 3553 intellegendum

245 3583 358 3648 eadem
378 3581 491 3664 tradit,
513 3601 596 3661 quae
615 3582 765 3664 Hyginus
785 3585 864 3646 astr.
884 3581 927 3662 ll,
948 3587 967 3644 8
989 3580 1054 3664 (ed.
1074 3580 1181 3644 Bunte
1196 3598 1227 3659 p.
1245 3582 1287 3642 44
1302 3579 1366 3664 sq.)

246 3690 289 3754 ad
317 3690 480 3755 Nemesim
504 3688 620 3755 refert:
647 3688 727 3770 ,ipse
751 3688 785 3753 in
813 3688 931 3753 olorem
964 3705 1138 3754 conversus
1166 3689 1203 3750 nt
1226 3683 1366 3763 aquilam

246 3795 373 3877 lugiens
397 3796 440 3861 ad
458 3794 621 3861 Nemesim
641 3795 787 3878 confugit
805 3800 839 3860 et
862 3795 895 3859 in
915 3794 984 3860 eius
1003 3793 1126 3876 gremio
1141 3812 1177 3858 se
1192 3791 1367 3858 collocavit

247 3905 319 3964 eres
366 3903 458 3967 Nunc
490 3903 647 3985 videmus
682 3902 758 3983 quid
791 3901 916 3966 Manilii
949 3921 980 3968 v.
1006 3905 1070 3965 340
1102 3899 1194 3981 velit,
1224 3898 1277 3978 qni
1307 3917 1367 3979 per

248 4021 283 4066 se
314 4025 376 4071 non
408 4013 497 4074 recte
530 4008 742 4090 intellegitur.
798 4007 860 4093 (Cf.
893 4006 1004 4073 Iacobi
1037 4026 1110 4072 ann.
1144 4006 1187 4071 ad
1219 4025 1250 4072 v.
1284 4009 1365 4067 340:

249 4108 408 4190 ,Ceterum
458 4115 580 4180 Ledam
633 4120 726 4198 tergo
776 4119 905 4181 vertam
955 4133 1111 4194 nusquam
1159 4131 1210 4176 me
1254 4111 1365 4191 legere

248 4216 483 4303 commemini).
529 4221 676 4303 Iuppiter
699 4222 811 4287 Ledae
835 4228 930 4303 terga
953 4218 1100 4300 subiecit,
1124 4222 1161 4282 ut
1184 4214 1365 4299 perfugium

248 4325 289 4388 ab
314 4342 354 4387 ea
372 4327 485 4405 petere
504 4326 682 4407 videretur,
707 4347 778 4409 non,
799 4334 835 4393 ut
855 4346 925 4393 eam
945 4330 1103 4407 portaret.
1151 4326 1259 4403 Atque
1282 4342 1366 4387 nunc

248 4428 477 4514 intellegimus,
507 4451 563 4496 cur
590 4433 802 4499 Germanicus
831 4435 870 4500 de
901 4432 1008 4527 furtis·
1025 4433 1113 4500 Iovis
1144 4437 1178 4497 et
1208 4432 1248 4496 de
1280 4428 1365 4493 falsa
