3282 5102
300 492 346 562 16

384 699 541 766 Versibus
576 707 748 767 168-172
780 700 935 766 Manilius
971 699 1135 782 pendendi
1172 719 1336 766 causam
1360 720 1414 765 ex-

297 806 415 889 posuit,
447 828 500 875 vv.
538 814 710 874 173-193
751 828 771 873 a
803 808 973 873 stellarum
1005 812 1094 873 motu
1126 811 1412 891 argumentum

297 913 395 996 ducit,
427 934 488 994 quo
516 917 646 997 probet,
671 921 794 980 terram
822 934 1021 997 suspensam,
1054 935 1118 981 11011
1151 914 1224 997 ,imo
1253 914 1412 997 profundo

297 1021 466 1087 deiectam‘
496 1040 578 1087 esse.
624 1022 695 1086 Hoc
723 1021 792 1086 loco
817 1022 974 1088 adversus
1005 1042 1054 1103 ea,
1080 1041 1162 1102 quae
1186 1021 1347 1103 Epicurus
1372 1022 1413 1086 de

296 1132 368 1193 ortu
392 1131 426 1194 et
448 1127 585 1193 interitu
609 1132 769 1193 astrorum
793 1127 890 1210 dixit,
915 1130 1028 1195 eodem
1055 1128 1125 1195 fere
1149 1129 1242 1194 modo
1267 1128 1411 1209 dimicat,

296 1254 357 1314 quo
393 1235 580 1301 Cleomedes
610 1254 641 1316 p.
680 1240 742 1300 158
775 1254 820 1314 sq.
853 1235 904 1300 Z.:
942 1237 1060 1310 ,Καίτοι
1096 1236 1178 1320 πρὸς
1213 1237 1311 1299 ἀπασι
1347 1241 1412 1305 τοῖς

294 1344 470 1425 εἰρημένοις
498 1343 712 1413 ἀτοπωτάτοις
745 1341 833 1406 οὖσιν
862 1345 903 1406 ἔτι
935 1345 989 1407 καὶ
1021 1344 1057 1406 τά
1093 1346 1194 1426 ἄστρα
1226 1344 1411 1426 ἀπεφήνατο

296 1450 502 1513 ἀνατέλλοντα
530 1449 589 1532 μὲν
617 1450 813 1524 ἐξάπτεσθαι,
844 1451 984 1532 ὁυόμενα
1015 1451 1050 1514 δὲ
1081 1452 1275 1533 σβέννυσθαι
1299 1447 1356 1533 (=
1380 1468 1411 1515 V.

298 1562 360 1622 182
380 1554 465 1639 sqq.)
485 1606 491 1619 .
512 1607 518 1619 .
540 1606 546 1619 .
566 1607 572 1618 .
592 1556 661 1619 οὐδ’
686 1558 788 1620 έκεῖνο
807 1558 898 1641 ὑπῄει
916 1559 1010 1640 αὐτῷ,
1029 1559 1074 1621 ὅτι
1096 1565 1152 1641 τῆς
1176 1565 1233 1641 γῆς
1252 1563 1414 1639 σφαιρικῴ

296 1671 342 1745 τῷ
360 1665 493 1746 σχήματι
515 1664 714 1746 κεχρημένης
736 1664 845 1728 ἀλλοτε
868 1664 944 1747 παρ’
969 1665 1073 1735 ἀλλοις
1092 1666 1205 1728 ἕκαστα
1229 1665 1336 1727 αὐτῶν
1359 1662 1414 1725 καλ

297 1771 400 1834 δύεται
424 1771 478 1833 καὶ
501 1771 658 1833 ἀνατέλλει
682 1769 738 1854 (=
762 1789 793 1836 V.
817 1777 879 1836 190
903 1772 965 1856 01].)
1082 1771 1154 1854 ’Am’
1179 1769 1226 1835 ὧν
1250 1771 1289 1853 δὴ
1315 1793 1411 1832 κατα-

296 1880 404 1960 φανές,
424 1878 471 1948 ὡς
490 1878 599 1941 ἀλλοτε
617 1875 692 1959 παρ’
711 1878 814 1948 ἀλλοις
833 1878 935 1941 δύεται
952 1879 1006 1942 καὶ
1025 1879 1180 1942 ἀνατέλλει
1199 1879 1217 1941 ὁ
1236 1879 1343 1960 ἥλιος.
1359 1925 1365 1938 .
1382 1925 1411 1938 ..

294 1986 407 2048 τούτου
445 1986 673 2068 συμβαίνοντος
707 1985 797 2067 παρὰ
828 1984 864 2048 τὸ
895 1988 915 2067 ἢ
947 1985 1028 2068 πρὸς
1058 1993 1095 2068 τῇ
1128 1985 1263 2067 ἀνατολῇ
1293 1983 1414 2066 μᾶλλον

296 2093 419 2155 κεῖσθαι
448 2092 501 2155 καὶ
531 2093 638 2175 τάχιον
667 2099 705 2175 τῇ
727 2098 782 2155 τοῦ
811 2093 902 2175 ἡλίου
926 2093 1043 2177 ἐκβολῇ
1066 2093 1264 2176 ἐντυγχάνειν
1287 2094 1307 2174 ἢ
1331 2090 1413 2172 πρὸς

295 2206 332 2282 τῇ
357 2200 443 2263 δύσει
466 2199 519 2262 καὶ
542 2200 674 2283 βράδιον
699 2197 756 2282 (=
780 2219 810 2266 V.
838 2197 924 2285 192).
1011 2242 1014 2248 ·

385 2306 435 2371 De
470 2310 661 2388 argumento
698 2305 753 2378 illo
785 2305 930 2372 Achilles
962 2306 1042 2371 nihii
1075 2306 1165 2387 dicit,
1199 2306 1257 2371 sed
1289 2303 1414 2396 profert

296 2432 368 2478 eam
392 2413 599 2494 sententiam,
625 2432 719 2493 quam
734 2413 888 2478 Manilius
910 2412 1090 2499 impugnat,
1115 2433 1186 2494 cap.
1207 2418 1228 2476 4
1248 2414 1324 2495 (127
1342 2410 1412 2496 Ε.);

295 2521 509 2605 ,Ξενοφάντης
529 2521 563 2585 δὲ
583 2522 643 2585 οὐκ
663 2523 758 2585 οἴεται
779 2522 943 2603 μετέωρον
966 2521 1114 2604 εἶναιτὴν
1137 2528 1202 2604 γῆν,
1227 2519 1304 2584 ἀλλὰ
1324 2520 1414 2582 κάτα)

295 2631 337 2698 εἰς
360 2630 491 2711 ἄπειρον
514 2629 690 2711 καθήκειν.ί

385 2735 496 2801 Cicero
524 2735 546 2800 i.
577 2735 658 2799 101
685 2733 829 2799 Achilles
857 2753 927 2816 cap.
953 2740 972 2798 8
1007 2734 1047 2799 de
1070 2733 1196 2799 mundi
1229 2732 1413 2799 stabilitate

294 2843 453 2908 locuntur.
517 2841 612 2923 Apud
652 2839 820 2905 Manilium
865 2840 971 2906 adhuc
1013 2860 1076 2906 non
1119 2839 1181 2905 nisi
1221 2840 1260 2904 de
1295 2845 1413 2904 terra

295 2950 458 3030 pendente
491 2966 544 3012 res
582 2953 664 3013 erat.
719 2947 782 3014 Sed
814 2967 877 3013 non
910 2948 1036 3012 omnino
1070 2948 1222 3013 mundum
1254 2947 1411 3030 neglegit,

296 3075 488 3136 quamquam
518 3074 580 3119 11011
610 3053 673 3120 nisi
699 3054 905 3135 'praeteriens
935 3073 1007 3120 eum
1038 3054 1176 3137 attingit
1198 3074 1229 3121 v.
1257 3060 1320 3119 194
1343 3073 1411 3133 sqq.

615 3258 645 3317 5.
691 3252 786 3335 Περὶ
809 3256 997 3338 σχήματος
1020 3260 1092 3336 γῆς.

517 3360 618 3445 (Man.
642 3360 669 3442 Ι,
695 3361 1021 3442 202-230,Αι11111.
1048 3379 1118 3441 cap.
1145 3358 1190 3443 6.)

384 3487 470 3551 Tota
483 3487 545 3551 hac
560 3491 655 3568 parte
670 3484 824 3551 Manilius
839 3485 879 3550 de
894 3490 1026 3550 terrae
1041 3481 1411 3563 1011111110101001111111,

295 3593 412 3658 iterum
425 3593 587 3657 mundus
604 3592 717 3674 paucis
732 3591 965 3674 perstringitur
986 3591 1052 3675 (vv.
1069 3597 1132 3656 206
1145 3589 1219 3671 sq).
1254 3589 1412 3671 ‚Mundus‘

295 3699 410 3782 inquit,
436 3704 547 3782 ,astra
572 3704 663 3764 terra
686 3700 828 3765 rotunda
855 3704 940 3764 sunt.
981 3699 1065 3763 Nam
1094 3698 1176 3762 haec
1199 3701 1251 3761 est
1273 3701 1413 3761 naturae

295 3806 408 3889 forma,
429 3826 511 3886 quae
531 3826 602 3872 cum
622 3825 725 3886 neque
744 3807 870 3872 initium
890 3824 993 3885 neque
1012 3804 1108 3869 finem
1126 3805 1259 3886 habeat,
1276 3809 1413 3868 aeterna

297 3919 331 3979 et
360 3914 501 3995 deorum,
527 3913 582 3993 qui
612 3933 674 3979 11011
697 3919 865 3979 mutantur
895 3911 926 3976 in
959 3929 1040 3977 aevo
1065 3909 1111 3995 (v.
1137 3908 1414 3996 523),0111111111110

296 4023 368 4086 001.ι
428 4022 522 4085 Hane
559 4020 662 4102 ipsam
695 4018 860 4086 Posidonii
893 4017 1073 4083 doctrinam
1107 4018 1193 4098 apud
1226 4016 1412 4081 Ciceronem

296 4128 443 4210 legimus
468 4126 522 4208 qui
546 4128 585 4192 de
610 4128 697 4192 deor.
722 4132 789 4192 nat.
814 4126 919 4207 1141
943 4122 1032 4205 sqq.¹
1057 4125 1215 4190 adversus
1237 4122 1412 4204 Epicurum

296 4242 398 4318 negat
418 4235 586 4315 quiequam
602 4234 769 4316 impedire,
787 4232 863 4313 quin
879 4232 1010 4296 deorum
1024 4231 1082 4316 (sc.
1099 4229 1221 4312 muudi,
1237 4228 1412 4314 astrorum)

387 4465 395 4498 ¹
415 4466 447 4519 V.
468 4465 629 4518 Schwenoke
648 4464 666 4516 l.
685 4463 703 4515 1.
722 4479 747 4529 p.
769 4464 819 4513 133
838 4477 894 4527 sqq.
