3282 5102
1307 488 1353 556 15

238 704 293 760 τοῦ
312 698 511 778 περιέχεσθαι
530 696 584 759 καὶ
601 697 714 765 ταύτας
732 695 876 777 πελάγεσι
894 694 1043 777 μεγάλαις
1058 693 1115 778 (Ξ
1131 714 1184 761 vv.
1202 700 1263 760 165
1281 695 1354 777 sq).

233 804 313 867 Ἀπὸ
337 804 370 867 δὲ
397 810 453 866 τοῦ
476 803 594 874 ὕδατος
615 803 669 866 τὸν
697 804 775 884 ἀέρα
799 803 938 884 ἒξῆφθαι
961 802 1110 882 καθάπερ
1133 803 1355 884 ἕξατμισῦέντα

240 909 296 994 (=
320 929 373 976 vv.
400 915 460 974 157
486 908 549 993 sq.)
574 960 580 971 .
606 960 612 971 .
637 959 643 971 .
667 911 703 971 ἐκ
728 909 763 972 δὲ
786 910 899 972 τούτου
923 908 975 971 τὸν
998 909 1110 988 αἰθέρα
1135 906 1196 991 (Ξ,
1211 927 1241 973 v.
1266 910 1354 993 154).

326 1015 471 1081 Achilles
494 1015 605 1080 eodem
630 1015 733 1096 modo,
759 1016 816 1080 sed
846 1016 947 1080 multo
970 1015 1101 1080 brevius
1125 1014 1354 1080 elementorum

238 1122 383 1188 ordinem
416 1122 569 1188 describit
610 1142 679 1204 cap.
713 1127 734 1186 4
767 1122 812 1204 (p.
840 1128 900 1188 126
931 1121 1075 1206 B.—O.).
1129 1121 1199 1185 Non
1232 1121 1354 1186 minimi

238 1230 391 1295 momenti
415 1235 465 1294 est
489 1231 563 1295 boo:
587 1228 782 1294 Posidonius
805 1234 875 1293 toto
898 1229 954 1294 illo
978 1230 1058 1308 loco,
1081 1247 1174 1307 quem
1194 1228 1355 1294 Stobaeus

238 1337 393 1418 servavit,
423 1335 595 1419 Chrysippi
623 1336 819 1401 sententiam
851 1336 1010 1417 exposuit.
1062 1334 1209 1399 Eundem
1239 1335 1355 1400 laudat

238 1444 382 1510 Achilles
406 1465 477 1526 cap.
502 1449 524 1508 4
546 1444 607 1510 im!

588 1647 619 1705 4.
665 1641 713 1704 Εἰ
733 1643 887 1724 ἔστηκεν
910 1642 929 1723 ἡ
955 1647 1007 1723 γῆ.

397 1749 497 1834 (illan.
521 1749 548 1830 I,
576 1754 758 1828 loe—201,
785 1745 902 1811 rtehill.
927 1766 1021 1828 capp.
1045 1751 1067 1810 4
1091 1750 1125 1810 et
1148 1746 1193 1830 9.)

324 1872 482 1938 Versibus
525 1878 698 1938 loe—172
740 1876 840 1954 potita
879 1871 974 1936 docet
1014 1875 1137 1935 terram
1178 1875 1354 1952 propterea

235 1979 428 2045 immobilem
457 1980 610 2062 pendere,
636 1978 711 2058 quia
742 1984 855 2060 partes
886 1978 955 2043 eius
982 1978 1123 2058 undique
1148 1977 1352 2059 cecidissent,

128 2114 131 2118 ·
237 2086 343 2166 quoad
383 2086 416 2150 in
448 2085 587 2150 medium
624 2085 775 2151 mundum
809 2085 1058 2151 concurrissent.
1114 2084 1205 2167 Quae
1236 2083 1354 2149 luisset

236 2212 335 2258 causa
365 2192 513 2273 cadendi,
543 2191 674 2258 omittit.
728 2192 778 2257 De
808 2194 871 2258 hac
902 2212 938 2256 re
966 2192 1078 2257 Cicero
1109 2211 1167 2256 nos
1196 2192 1353 2256 certiores

139 2324 142 2327 “
236 2298 327 2381 iacit,
366 2299 420 2379 qui
457 2299 587 2365 uberius
625 2318 721 2379 quam
753 2299 907 2365 Manilius
945 2300 985 2364 de
1022 2298 1132 2364 mundi
1171 2303 1204 2363 et
1243 2303 1353 2364 terrae

234 2407 419 2472 stabilitate
449 2407 623 2472 secundum
648 2406 857 2473 Posidonium
885 2406 1067 2472 haecdicit
1092 2405 1147 2490 (de
1170 2410 1237 2470 nat.
1264 2406 1350 2470 deor.

233 2514 276 2595 H,
305 2512 414 2598 115¹):
448 2513 577 2596 ,Omnes
606 2511 691 2579 enim
721 2519 834 2595 partes
864 2513 933 2579 eius
966 2514 1024 2599 (sc.
1053 2512 1178 2598 mundi)
1210 2512 1351 2592 undique
1469 2562 1471 2567 .

233 2621 372 2687 medium
398 2622 502 2687 locum
526 2626 736 2701 capessentes
759 2620 907 2685 nituntur
931 2619 1115 2700 aequaliter
1139 2671 1145 2684 .
1173 2669 1179 2682 .
1206 2671 1212 2683 .
1239 2670 1246 2683 .
1271 2619 1353 2702 Quo-

230 2727 327 2811 circa,
352 2728 381 2793 si
412 2729 549 2794 mundus
573 2730 723 2810 globosus
756 2733 808 2793 est
841 2729 881 2793 ob
914 2746 1049 2808 eamque
1079 2746 1209 2791 causam
1242 2745 1351 2791 omnes

230 2835 300 2901 eius
327 2841 439 2918 partes
469 2835 608 2914 undique
638 2835 827 2915 aequabiles
857 2834 950 2916 ipsae
983 2854 1042 2916 per
1070 2853 1104 2899 se
1136 2838 1235 2913 atque
1265 2833 1352 2898 iuter

231 2961 266 3007 se
299 2942 516 3023 continentur,
551 2941 741 3024 contingere
774 2942 859 3006 idem
896 2946 1006 3007 terrae
1039 2960 1173 3006 necesse
1212 2946 1278 3022 est,
1316 2946 1352 3005 ut

231 3049 376 3115 omnibus
408 3050 477 3114 eius
510 3049 659 3131 partibus
693 3049 726 3113 in
758 3047 897 3113 medium
925 3048 1137 3130 vergentibus
1170 3046 1218 3130 (id
1243 3052 1352 3113 autem

230 3155 368 3221 medium
400 3155 542 3222 infimum
576 3156 609 3220 in
642 3157 783 3236 sphaera
816 3155 881 3240 est)
915 3154 997 3220 nihil
1028 3154 1257 3235 interrumpat,
1289 3173 1350 3233 quo

230 3262 426 3329 labefactari
449 3263 552 3345 possit
582 3267 678 3327 tanta
702 3260 867 3327 contentio
891 3260 1070 3343 gravitatis
1094 3265 1128 3325 et
1151 3260 1349 3341 ponderum‘

318 3370 463 3436 Achilles
483 3390 553 3452 cap.
573 3375 595 3434 4
614 3370 843 3434 elementorum
864 3367 1009 3432 ordinem
1029 3367 1186 3448 exemplis
1205 3368 1351 3433 illustrat

232 3481 330 3557 atque
363 3477 425 3543 duo
464 3476 574 3558 affert,
610 3476 725 3556 quibus
759 3476 959 3555 declaretur,
999 3475 1045 3537 ὅτι
1084 3476 1212 3557 ἔστηκεν
1249 3477 1268 3557 ἡ
1298 3483 1349 3558 γῆ.

230 3582 417 3648 Manilianis
441 3603 566 3663 quoquo
589 3583 683 3647 modo
706 3582 825 3648 similia
848 3586 923 3646 sunt
946 3582 1044 3646 haec:
1064 3582 1128 3661 ,καὶ
1150 3582 1207 3664 τὴν
1230 3589 1289 3665 γῆν
1315 3583 1349 3646 δὲ

230 3692 433 3773 πανταχόθεν
455 3691 519 3754 ὑπὸ
541 3697 596 3754 τοῦ
616 3692 711 3772 ἀέρος
730 3690 925 3771 euocatum
940 3689 1123 3771 ἰσορρόπως
1146 3690 1180 3752 ἓν
1197 3699 1242 3771 τῴ
1260 3691 1349 3772 μέσῳ

230 3796 305 3860 εἶναι
341 3798 396 3860 καὶ
431 3799 575 3861 ἑσπὶναι.ι
637 3796 838 3879 Quamquam
874 3794 963 3860 haud
999 3794 1113 3878 ignoro
1149 3795 1200 3860 his
1239 3796 1348 3862 verbis

230 3901 396 3967 Posidonii
427 3902 606 3968 doctrinam
635 3923 697 3968 non
727 3909 879 3969 accurate
908 3921 1094 3984 expressam
1124 3921 1205 3968 esse.
1252 3903 1348 3968 Hane

230 4006 333 4089 ipsam
365 4009 509 4075 Achilles
543 4029 612 4090 cap.
649 4017 667 4074 9
700 4011 816 4075 tradit:
852 4010 942 4092 ,φασὶ
975 4010 1010 4073 δὲ
1042 4008 1100 4092 (sc.
1134 4012 1166 4072 οῖ
1191 4009 1346 4091 Στωϊκοὶ)

230 4116 334 4196 μένειν
364 4117 417 4180 τὸν
448 4118 572 4198 κόσμον
603 4118 636 4180 ἐν
667 4118 788 4199 ἀπείρῳ
820 4125 906 4199 κενῷ
938 4117 989 4179 διὰ
1017 4117 1074 4199 τὴν
1103 4117 1152 4179 ἐπὶ
1183 4115 1217 4178 τὸ
1246 4116 1347 4196 μέσον

231 4223 354 4305 φοράνὲ

320 4452 328 4481 ¹
348 4451 518 4517 Schwencke,
539 4467 599 4505 ann.
619 4451 784 4505 Fleckeisen.
806 4452 865 4516 119,
883 4467 908 4518 p.
930 4451 979 4503 135
999 4466 1055 4517 sqq.
