3282 5102
323 478 373 545 20

321 681 484 748 invenisse
515 682 576 747 sibi
600 682 741 764 videtur,
767 682 851 762 qnod
874 680 1027 746 Manilius
1057 680 1077 745 l.
1102 680 1123 744 l.
1148 679 1238 745 (linit.
1283 679 1454 762 Legimus

321 790 408 871 apud
433 790 589 856 Achillem
615 791 706 871 haee,
731 810 762 870 p.
790 795 849 854 147
874 790 929 854 R:
955 789 1079 871 ,λέγεται
1098 787 1132 851 δὲ
1151 787 1353 870 ἀνταρκτικὸς
1372 788 1452 851 ἀπὸ

320 904 374 960 τοῦ
407 898 545 968 ἐναντίος
578 898 702 961 κεῖσθαι
734 904 781 978 τῷ
812 898 954 979 ἅρκτιιιῴ
978 947 985 960 .
1012 946 1018 958 .
1044 945 1050 957 .
1076 905 1093 958 .‘
1116 913 1147 975 p.
1176 899 1237 959 148
1260 894 1315 959 A.:
1338 898 1367 977 ,ἢ
1392 896 1451 957 ὅτι

320 1004 387 1075 ἷσός
404 1005 466 1068 ἔστι
483 1013 529 1084 τῷ
543 1006 683 1085 ἀρκτικῴ
701 1010 755 1085 τῆς
775 1003 859 1073 ,σίνιὶι
876 1004 1064 1085 προθέσεως
1082 1002 1118 1065 τὸ
1136 1001 1205 1065 ἴσον
1223 1002 1452 1084 σημαινούσης

320 1111 366 1181 ὡς
388 1111 422 1174 ἓν
444 1119 491 1192 τῷ
509 1111 664 1191 ,ἀντίθεον
683 1109 894 1191 θεράιιονισι.ι
928 1108 991 1174 Sed
1015 1107 1162 1174 Videmus
1185 1107 1226 1172 de
1249 1107 1354 1173 stellis
1377 1107 1449 1171 hoc

318 1218 388 1282 loeo
419 1220 545 1282 omnine
576 1215 655 1280 nihil
688 1214 808 1280 dietum
841 1234 922 1280 esse.
976 1215 1168 1297 Exemplum
1202 1219 1311 1280 autem
1342 1215 1449 1279 (lucet

318 1323 432 1406 graeei
464 1321 606 1387 allaturis
638 1322 739 1387 verba
771 1320 855 1386 falso
885 1320 1035 1403 intellegi
1065 1339 1170 1403 posse.
1224 1321 1319 1402 Apud
1349 1320 1448 1385 Posi-

319 1429 447 1494 donium
478 1427 632 1493 videlieet
661 1426 815 1492 Manilius
843 1446 883 1493 aa
910 1427 1021 1510 legere
1050 1432 1191 1509 poterat.
1238 1427 1285 1492 Of.
1310 1425 1444 1492 Gemin.

318 1553 389 1615 ean.
414 1538 435 1597 4
459 1532 504 1617 (p.
532 1538 570 1597 15
595 1532 650 1617 A.)

506 1733 536 1792 8.
583 1728 678 1812 Περὶ
699 1734 776 1792 τῶν
799 1731 838 1793 ἓν
860 1736 902 1812 τῇ
926 1731 1069 1812 σφαίρᾳ
1092 1729 1254 1793 κύκλων.

476 1835 577 1921 (Man.
602 1837 627 1916 Ι,
653 1841 839 1917 tel—804,
864 1836 980 1901 Achill.
1005 1855 1098 1918 capp.
1125 1836 1280 1921 22--27.)

405 1959 455 2024 De
482 1960 720 2026 astmnnmieon
743 1962 805 2027 hac
829 1967 924 2043 parte
949 1980 1048 2043 supra
1072 1961 1140 2025 dixi
1164 1980 1195 2042 p.
1222 1966 1240 2024 5
1265 1979 1333 2041 sqq.

404 2068 550 2132 Achilles
574 2068 614 2133 de
637 2068 688 2133 his
712 2068 841 2133 circulis
865 2073 899 2133 et
922 2068 989 2134 alia
1012 2073 1047 2132 et
1075 2067 1189 2132 eadem
1214 2067 1283 2133 fere
1307 2067 1443 2133 Posido·

316 2174 415 2240 niana
438 2175 574 2257 profert,
595 2195 678 2256 quae
703 2177 790 2259 apud
808 2176 977 2241 Manilium
1001 2179 1035 2241 et
1053 2176 1222 2241 Geminum
1245 2175 1440 2242 invenimus

405 2282 642 2347 Panallelnrum
685 2282 845 2364 definitio,
889 2302 972 2362 quae
1018 2286 1130 2348 exstat
1175 2284 1262 2364 apud
1307 2288 1440 2365 poetam

315 2408 368 2455 vv.
396 2394 456 2454 601
483 2410 542 2470 sq„
576 2410 596 2455 a
628 2390 802 2455 Posidonia
836 2390 935 2455 dueta
968 2396 1028 2471 est,
1063 2390 1148 2470 quud
1181 2389 1255 2455 olim
1289 2390 1441 2473 Scaliger

317 2495 519 2562 almutavit¹.

406 2602 551 2668 Achilles
575 2622 646 2685 cap.
673 2610 713 2668 25
737 2603 792 2667 fin.
817 2603 952 2669 eandem
977 2608 1206 2670 commemorat
1229 2610 1328 2684 atque
1352 2604 1440 2670 affin-

317 2714 386 2774 mat
409 2729 430 2775 a
453 2708 548 2775 lineis
572 2709 707 2775 directis
731 2729 802 2775 eam
827 2710 870 2775 ad
894 2710 1032 2776 circulos
1054 2711 1250 2777 translatam
1274 2730 1356 2778 esse.

500 2816 657 2882 Manli:
1084 2818 1253 2883 Achilla

318 2923 500 2988 Intervalla
552 2923 625 3004 pari
679 2930 850 2990 servantes
949 2923 1154 3008 Παράλληλοι
1166 2926 1201 2989 δὲ
1212 2927 1395 3010 ἐκλήθησαν
1407 2929 1440 2990 σῖ

361 3029 464 3094 limite
488 3048 616 3111 Semper
905 3031 927 3094 ε’
956 3033 1067 3096 κύκλοι
1091 3033 1156 3095 ἀπὸ
1178 3038 1243 3096 τῶν
1264 3033 1351 3115 παρὰ
1374 3041 1439 3105 τοῖς

318 3135 515 3216 Divisnsque
546 3138 646 3202 semel
677 3137 759 3203 fines
787 3157 852 3203 sun·
906 3140 1098 3221 γεωμέιρσις
1111 3139 1322 3223 παραλλήλων
1334 3164 1436 3223 γραμ-

363 3246 491 3322 temque
516 3243 668 3308 dicatam.
905 3251 979 3327 μῶν
1003 3296 1009 3308 ,
1035 3295 1041 3308 .
1067 3295 1104 3308 ..
1140 3246 1246 3328 φαμὲν
1288 3246 1356 3319 οὖν,
1393 3248 1439 3309 ὅτι

902 3352 1102 3434 παράλληλοί
1141 3354 1215 3416 εἰσιν
1256 3355 1286 3416 οἱ
1326 3355 1439 3417 κύκλοι

902 3459 1017 3541 μεταξὺ
1046 3460 1192 3542 ἀλλήλων
1221 3460 1285 3524 ἀπὸ
1308 3485 1437 3544 περιφε-

904 3567 990 3647 ρείας
1014 3566 1065 3628 ἐπὶ
1086 3569 1290 3650 περιφέρειαν
1314 3568 1349 3631 τὸ
1368 3568 1438 3631 ἴσον

902 3671 962 3753 μὲν
984 3672 1100 3741 πλάτος
1122 3674 1254 3755 ἔχοντες.

407 3774 447 3840 V.
464 3780 526 3839 665
546 3781 645 3857 poeta
663 3797 776 3844 vocem
797 3779 934 3860 ,ὁρίζωνι
951 3775 1172 3844 eodemmodo
1189 3778 1436 3861 interpretatur,

320 3900 381 3960 quo
406 3881 550 3948 Achilles
574 3902 644 3966 cap.
671 3892 711 3950 22
736 3884 779 3947 in.

507 3989 661 4055 Manil:
1088 3992 1250 4058 Achilla

319 4095 428 4173 Atque
448 4114 468 4159 a
486 4094 549 4160 fine
569 4098 704 4162 trahens
724 4096 852 4162 titulum
954 4098 1082 4180 Λέγεται
1125 4100 1159 4162 δὲ
1192 4101 1319 4183 ὁρίζων,
1362 4102 1438 4164 διότι

364 4209 562 4267 memoratur
585 4203 727 4268 horizon.
907 4203 1001 4285 ὁρίζει
1030 4204 1064 4267 τὸ
1093 4203 1158 4267 ὑπὸ
1188 4212 1247 4289 γῆν
1277 4209 1330 4270 καὶ
1357 4208 1439 4289 ὑπὲρ

907 4317 965 4392 γῆν
988 4312 1203 4392 ἡμισφαίριον.

411 4429 419 4459 ¹
439 4428 569 4497 Scaligeri
588 4434 644 4480 not.
663 4429 690 4480 in
711 4428 780 4481 Mun
800 4430 841 4483 ed.
860 4430 973 4484 Boenlan
991 4447 1016 4498 n.
1036 4435 1077 4485 77.
